1843 3058
113 157 401 210 significasse,
456 156 658 208 Aeschyli
713 157 896 204 fabulas,
953 157 1035 198 etsi
1092 156 1315 199 rectiorem
1359 156 1530 199 omnino
1576 155 1701 198 finem

114 231 307 280 spectent
344 238 467 279 quam
508 226 624 267 humi
668 231 868 277 repentes
910 226 1185 278 Euripidae,
1233 230 1371 269 tamen
1410 238 1494 269 nec
1534 225 1702 268 modum

115 310 282 349 semper
314 295 488 338 seruare
530 307 611 337 nec
643 296 755 338 viam
784 297 1084 348 praescriptam
1112 302 1157 338 et
1186 296 1424 337 inchoatam
1452 296 1494 337 in
1525 294 1702 348 singulis

114 369 351 421 quibusque
381 367 569 418 partibus
603 366 802 408 continuo
833 371 994 408 tenere.
1082 368 1198 416 Quae
1239 378 1364 419 quam
1406 370 1521 409 recte
1549 378 1625 418 per
1651 377 1704 409 se

113 438 299 480 iudicata
340 438 450 484 sint,
506 436 604 477 alibi
646 436 832 478 fortasse
872 446 1102 487 exponam:
1149 436 1373 488 Sophoclei
1413 439 1557 478 autem
1590 436 1701 478 illius

116 508 216 549 dicti
250 519 374 558 quem
406 508 494 548 vult
525 518 624 547 esse
655 518 830 547 sensum
861 506 1107 549 Muellerum
1138 507 1272 560 magis
1302 507 1539 548 inculcasse
1564 505 1702 548 verbis

117 589 242 629 quam
272 576 373 618 inde
405 576 661 626 explicuisse
678 606 688 625 ‚
735 588 788 617 eo
830 576 985 618 certius
1016 576 1138 618 nobis
1178 576 1548 628 persuadebimus,
1591 575 1702 626 quod

116 647 242 689 facile
291 646 588 699 cognoscimus
640 657 789 687 vocem
827 646 941 687 illam
979 659 1005 688 a
1001 646 1358 707 QarnaeIeonte
1396 647 1589 689 traditam
1619 657 1702 688 non

116 722 231 759 certo
265 716 441 758 consilio
473 721 718 766 usurpatam
752 728 875 765 esse,
907 717 985 758 sed
1003 701 1400 759 occasffissfffil'fita
1427 729 1502 767 per
1531 716 1704 759 facetias

114 787 322 829 sermonis
363 787 512 828 leviter
551 786 760 828 iniectam.
831 787 877 827 Id
918 786 989 838 qui
1032 786 1239 829 concinne
1282 787 1479 838 exposuit
1511 787 1652 829 Theo
1663 788 1703 828 d.

115 855 473 911 Bergkius¹¹),
516 856 646 898 totius
688 856 927 898 sententiae
965 856 1048 897 vim
1087 861 1184 907 apte
1227 858 1507 908 ponderatam
1544 857 1603 899 ita
1633 868 1703 900 ex-

116 927 271 975 hibuit,
319 931 366 967 ut
404 926 633 973 iudicaret,
688 925 940 976 Sophoclem
982 938 1066 966 non
1115 928 1243 967 modo
1280 926 1454 978 ingenio
1486 928 1704 975 confisum,

117 995 527 1059 siQtiAeschQn,
562 1006 673 1048 quae
706 997 908 1037 decerent
937 996 981 1036 in
1014 996 1237 1038 scribendo
1270 1000 1460 1037 secutum
1491 1008 1610 1048 esses
1636 1010 1705 1039 ve-

118 1079 209 1108 rum
241 1066 367 1108 etiam
398 1066 606 1107 rationem
637 1070 779 1125 mente
809 1066 1000 1107 tenuisse
1041 1071 1082 1107 et
1126 1071 1221 1117 apte
1254 1066 1396 1117 eloqui
1439 1066 1627 1110 valuisse
1646 1066 1704 1121 ¹⁸).

116 1137 358 1189 Cavendum
401 1136 514 1178 enim
555 1141 643 1183 est,
694 1148 748 1177 ne
779 1136 871 1186 quis
915 1136 1054 1178 verbis
1087 1138 1199 1187 apud
1229 1136 1495 1178 Athenaeum
1525 1138 1704 1188 proditis

117 1207 289 1247 nimium
317 1207 521 1248 insistens
554 1218 579 1247 a
612 1218 712 1247 vero
743 1205 887 1247 iudicii
925 1217 1057 1247 sensu
1084 1208 1273 1253 aberret,
1314 1206 1434 1258 quasi
1470 1207 1705 1261 Aeschylus

118 1277 289 1319 omnino
337 1277 446 1318 scire
504 1281 729 1328 negaretur
779 1288 826 1317 se
876 1282 997 1318 recte
1029 1277 1210 1319 fabulam
1254 1277 1487 1320 instituere.
1577 1279 1707 1321 Immo

116 1348 233 1389 illurn
266 1347 344 1389 sibi
377 1351 491 1388 certe
522 1351 637 1388 recte
668 1357 797 1398 agere
829 1346 967 1387 visum
1010 1358 1108 1387 esse
1140 1347 1347 1398 oportebit
1386 1353 1431 1389 ut
1461 1350 1706 1398 statuamus,

122 1419 236 1469 quod
267 1416 305 1458 si
336 1416 457 1458 aliter
488 1415 741 1465 censuisset,
772 1421 1104 1461 consentaneum
1123 1417 1201 1458 suit
1231 1429 1327 1459 eum
1356 1418 1497 1469 priore
1528 1419 1706 1460 consilio

120 1488 283 1530 abiecto
318 1487 474 1528 novam
500 1484 693 1537 protinus
715 1492 841 1538 atque
869 1488 992 1529 aliam
1021 1487 1230 1529 rationem
1258 1488 1358 1532 artis
1388 1493 1550 1531 tenere.
1581 1490 1708 1531 Acce—

120 1553 180 1597 dit
224 1558 335 1608 quod
376 1556 634 1608 Aeschylum
673 1556 802 1597 nimia
840 1557 931 1598 fere
973 1557 1227 1599 confidentia
1279 1558 1345 1598 sui
1387 1559 1541 1599 elatum
1581 1570 1708 1611 aegre

78 1611 90 1690 [
119 1626 340 1690 SQlis
372 1626 552 1678 legimus
578 1624 623 1681 ¹⁵³)
663 1625 814 1667 tulisse
845 1626 1075 1668 victoriam.
1146 1626 1209 1668 Ex
1249 1627 1316 1668 his
1347 1639 1451 1670 sane
1481 1628 1707 1675 conficitur,

121 1697 201 1739 etsi
242 1679 538 1737 nffi‘di‘seffis
557 1723 559 1725 ψ
581 1695 720 1737 verbis
765 1707 1015 1746 expressum
1056 1701 1145 1744 est,
1188 1698 1444 1751 Aeschylum
1482 1710 1567 1760 non
1609 1698 1708 1741 ideo

125 1766 281 1813 notari,
316 1767 426 1818 quod
461 1765 632 1807 omnino
664 1778 712 1806 se
743 1771 859 1807 recte
891 1778 1018 1818 agere
1050 1767 1233 1817 nesciat;
1273 1769 1349 1808 sed
1380 1767 1487 1809 haec
1514 1767 1709 1820 ignorare

120 1837 295 1882 dicitur,
340 1836 491 1887 quibus
532 1836 574 1876 in
606 1835 792 1885 partibus
825 1840 1021 1877 constent
1064 1847 1252 1888 quasque
1289 1840 1343 1879 ob
1384 1847 1534 1878 causas
1572 1837 1711 1888 posita

120 2023 208 2056 sima
234 2034 363 2057 corona
388 2024 556 2067 stipatum
582 2034 621 2057 se
647 2023 903 2058 declamavisse
938 2022 1032 2066 quod
1064 2022 1236 2066 gloriatur
1261 2021 1301 2065 (1.
1327 2022 1351 2056 1.
1377 2023 1487 2067 praef.
1518 2022 1708 2066 IV—Vl)‚

120 2081 216 2115 haud
241 2081 316 2115 scio
343 2091 387 2115 an
414 2082 482 2116 sibi
507 2082 621 2127 magis
648 2091 752 2124 quam
776 2081 846 2115 illis
871 2081 1024 2115 blandiri
1049 2081 1211 2115 voluerit.

211 2162 276 2205 11)
303 2162 543 2206 Bergkius
577 2164 611 2197 in
644 2174 770 2202 comm.
806 2164 848 2196 de
882 2165 955 2197 vita
987 2162 1174 2208 Sophoclis
1209 2163 1405 2206 praemissa
1439 2163 1706 2208 tragoediarum

122 2221 267 2254 editioni
308 2221 406 2264 Lips.
437 2221 539 2256 1858.
574 2232 610 2266 p.
637 2222 734 2257 xlx.
771 2232 804 2257 n.
824 2222 893 2257 77:
928 2221 1170 2265 „Aeschylum
1195 2222 1231 2255 in
1257 2221 1445 2258 scribendo
1469 2221 1602 2265 largius
1624 2224 1707 2257 >vino

67 2250 91 2346 g}
120 2291 159 2314 se
185 2279 391 2314 invitavisse
418 2280 586 2316 credibile
612 2285 679 2323 est,
706 2281 802 2324 quod
827 2279 1024 2325 Sophocles
1051 2280 1111 2323 qui
1137 2284 1212 2314 erat
1236 2280 1376 2315 sobrius
1401 2279 1606 2325 improbans
1631 2291 1708 2325 po-

64 2340 89 2411 5¹
119 2339 211 2373 tuit
236 2349 285 2372 ea
312 2339 565 2374 occasione
592 2350 704 2374 usus
740 2339 837 2373 ista
869 2339 1051 2384 dicere,
1090 2349 1204 2382 quae
1230 2340 1419 2378 :omnino
1455 2338 1708 2377 verissime

83 2398 247 2443 gdicta
283 2398 430 2433 sunt.·‘

221 2469 279 2513 12)
307 2470 407 2503 Idem
430 2470 454 2505 l.
480 2470 504 2503 l.
529 2480 565 2514 p.
582 2470 699 2504 XXV.
727 2469 762 2514 §-
782 2469 805 2504 8
830 2474 921 2503 extr.

215 2539 278 2584 13)
304 2541 450 2584 Legitur
485 2539 580 2583 apud
603 2540 692 2575 Plut.
728 2539 818 2575 Cim.
851 2550 880 2574 c.
906 2538 930 2574 8
955 2543 1065 2584 extr„
1101 2540 1157 2573 cui
1187 2549 1230 2573 ne
1264 2544 1396 2573 temere
1435 2539 1707 2585 adstipulemur,

121 2597 242 2632 moniti
279 2608 298 2631 a
324 2598 479 2644 Bergkio
514 2599 757 2644 (p.X111b.),
792 2599 857 2633 etsi
891 2598 1118 2633 concedimus
1156 2598 1200 2632 de
1233 2602 1393 2643 ternpore
1427 2598 1563 2633 itineris
1598 2598 1709 2634 Siculi

121 2664 189 2690 non
214 2666 366 2700 ‚prorsus
401 2662 585 2699 constare,
618 2657 686 2691 hoc
718 2662 834 2692 tamen
871 2663 1056 2700 tenemus,
1095 2657 1312 2702 Aeschylum
1346 2649 1705 2702 quod'popularib'ns

121 2724 246 2758 parum
269 2715 339 2748 sibi
366 2715 546 2750 videretur
571 2717 727 2762 probari,
755 2717 927 2751 offensum
954 2728 995 2750 ac
1022 2727 1134 2761 paene
1159 2717 1287 2750 iratum
1312 2715 1437 2749 fuisse.
1490 2716 1540 2750 Cf.
1564 2721 1708 2760 praeter

121 2772 301 2807 Plutarchi
334 2773 449 2807 locum
483 2786 571 2816 quac
608 2776 788 2819 congessit
823 2775 1070 2819 Bernhardyus
1106 2776 1196 2809 Hist.
1239 2773 1305 2810 litt.
1340 2774 1463 2808 Graec.
1507 2774 1573 2810 vol.
1602 2775 1644 2809 11.
1669 2773 1704 2808 2.

120 2844 154 2877 p.
178 2832 250 2868 230
270 2843 299 2866 s.
