1843 3058
1615 88 1676 138 21

103 227 173 277 qui
218 223 370 264 suerint
409 217 645 260 Aristotelis
686 222 873 267 tempore
912 229 1050 257 mores
1088 216 1430 267 Atheniensium;
1477 217 1547 268 qui
1588 227 1681 256 cum

107 300 232 336 antea
264 291 474 333 interdum
504 289 645 329 fucata
675 299 724 327 ac
753 287 869 328 varie
901 286 1097 328 distincta
1127 286 1262 338 magis
1295 298 1420 338 quam
1445 286 1595 328 virtute
1621 285 1682 326 in-

104 363 245 416 signia
276 362 568 405 adamassent,
616 356 697 396 iam
737 359 814 398 sub
855 356 1083 398 Alexandri
1126 362 1338 406 tempora,
1380 357 1582 409 neglectis
1623 356 1680 396 fa-

104 431 208 476 bulis
246 430 477 483 principum
519 437 623 478 quas
654 430 845 476 repetere
877 431 918 468 et
946 427 1122 467 decebat
1150 431 1194 467 et
1223 426 1374 468 licebat
1411 437 1487 477 per
1523 427 1676 479 legem,

103 508 270 551 καινοῖς
295 499 534 556 τραγῳδοῖς
561 508 723 537 5111111113
742 495 979 547 frequentia
1005 497 1058 535 ad
1079 498 1353 546 spectandum
1373 508 1681 548 congregaren-

102 569 241 626 tur⁴²).
322 569 462 608 Novae
502 571 643 607 autem
687 565 951 617 tragoediae.
984 577 1077 605 cum
1122 565 1366 617 plerumque
1416 571 1486 607 aut
1527 566 1683 607 mixtae

104 645 249 684 essent
286 636 469 678 moribus
507 636 647 686 lepide
690 635 945 677 adumbratis
978 640 1049 675 aut
1092 639 1252 676 tumore
1291 646 1542 685 oppressae,
1583 635 1680 686 quid

102 711 286 756 mirum,
322 706 359 747 si
400 705 470 757 qui
525 706 618 747 illas
661 710 874 756 captarent
920 704 1154 757 Agathonis
1201 715 1367 756 quoque
1404 706 1553 749 florida
1591 709 1681 747 arte

103 775 449 820 delectabantur?
525 774 630 823 Quid
667 772 822 826 porro?
868 774 903 814 si
949 775 1051 825 ipsis
1097 775 1335 826 philosophi
1385 776 1519 817 verbis
1568 776 1679 816 inest

103 848 244 898 aliqua
265 844 530 898 significatio,
564 844 899 892 oblectationem,
930 856 1011 896 qua
1027 845 1309 886 Athenienses
1329 857 1423 886 cum
1442 845 1676 897 Agathonis

102 917 265 958 fabulas
302 920 542 965 spectarent
572 915 954 964 permulcebantur,
1004 927 1087 954 non
1120 927 1211 955 eam
1245 928 1342 956 esse
1373 925 1481 966 quae
1513 921 1676 967 tragoe-

104 986 199 1027 diae
236 982 519 1034 propriasit?
588 980 854 1039 Εὖφραίνειν
901 984 1011 1024 0111111
1060 984 1208 1024 dicitur
1250 984 1483 1036 Agathonis
1529 985 1682 1031 sabula,

104 1066 196 1096 cum
226 1053 473 1105 tragoediae
504 1053 558 1095 sit
588 1049 649 1095 δι’
682 1050 802 1095 ἐλέου
835 1056 907 1095 καὶ
933 1051 1075 1109 φόβου
1103 1057 1325 1109 περαίνειν
1343 1052 1416 1106 τὴν
1436 1069 1520 1095 των
1538 1050 1681 1095 τοιού-

104 1139 186 1168 των
215 1121 486 1179 παθημάτων
517 1121 747 1189 κάθαροιᾈ.
767 1148 824 1154 --
843 1148 898 1154 -
929 1125 1081 1164 Velum
1113 1125 1210 1164 nolo
1241 1124 1325 1164 iam
1355 1124 1550 1165 insistere
1573 1127 1681 1175 A-ga

102 1193 243 1235 thonis
275 1193 478 1234 mentioni
509 1194 643 1235 obiter
673 1186 873 1240 iniectae,
908 1206 1000 1233 cum
1030 1194 1122 1244 ipse
1144 1194 1392 1235 Α1151010105
1414 1194 1453 1235 01
1471 1193 1680 1240 licentiae,

104 1274 228 1315 quam
258 1264 466 1305 interdum
499 1263 660 1304 admitti
689 1274 819 1312 posse
849 1268 1001 1312 poetae
1026 1264 1136 1305 illius
1171 1266 1294 1306 docet
1314 1266 1519 1314 exemplo,
1554 1263 1682 1303 conti-

102 1344 229 1374 nuam
259 1333 431 1383 opponit
463 1332 694 1383 principum
724 1332 977 1383 tragicorum
1009 1333 1427 1389 consuetudinemss).
1498 1334 1682 1381 Quorum

103 1403 158 1443 ad
179 1404 391 1452 exemplar
418 1402 577 1443 utinam
597 1413 820 1452 numquam
841 1414 893 1443 ne
915 1403 1146 1444 doctrinam
1175 1403 1436 1444 conformare
1455 1400 1682 1444 voluisset!

104 1471 272 1512 Licebat
304 1471 365 1518 ei,
408 1471 617 1521 principes
648 1476 798 1521 poetas
830 1477 999 1521 secuto,
1043 1485 1093 1513 eo
1125 1485 1206 1526 quo
1236 1473 1364 1513 utitur
1393 1470 1575 1526 modo⁴⁴)
1609 1473 1680 1512 de—

96 1545 361 1588 monstrare,
405 1552 488 1580 non
528 1541 625 1582 ideo
664 1545 813 1591 poetas
854 1542 964 1582 sacta
1001 1542 1153 1583 imitari
1191 1543 1301 1592 quod
1348 1542 1463 1583 >sacta
1502 1542 1584 1582 sint
1624 1541 1683 1592 (id

105 1611 216 1662 quod
251 1623 328 1651 nos
363 1620 529 1661 quoque
562 1622 687 1661 supra
719 1611 1034 1664 exposuimus),
1076 1612 1152 1651 sed
1196 1612 1309 1662 quod
1349 1623 1401 1651 ea
1439 1622 1547 1661 quae
1577 1611 1686 1651 sacta

105 1685 222 1727 sunt,
265 1680 462 1731 quoniam
502 1680 744 1721 necessario
784 1679 1000 1729 possibilia
1040 1693 1138 1721 esse
1171 1682 1442 1732 colliguntur,
1483 1679 1684 1720 maiorem

105 1755 330 1790 exerceant
367 1750 410 1789 in
455 1750 618 1789 animos
660 1749 939 1799 spectantium
982 1750 1062 1790 vim
1100 1751 1385 1800 persuadendi
1425 1756 1466 1790 et
1504 1762 1684 1790 commo-

103 1819 243 1867 vendi.
306 1820 448 1871 Neque
479 1831 580 1860 vero
614 1820 763 1861 ceteris
795 1819 836 1858 in
870 1819 971 1860 locis
1003 1820 1252 1861 Aristoteles
1291 1820 1360 1861 ubi
1389 1821 1443 1861 de
1482 1821 1607 1862 rebus
1637 1832 1687 1860 ac

104 1889 287 1931 moribus
320 1890 628 1930 conformandis
661 1890 769 1941 agit,
804 1902 828 1929 a
850 1889 1154 1930 consuetudine
1183 1890 1414 1941 principum
1433 1890 1686 1942 tragicorum

104 1959 283 2006 recedit,
325 1961 537 2009 multoque
568 1961 703 2011 magis
744 1958 822 2013 sibi
854 1959 1118 2010 Agathonem
1159 1960 1413 2010 praeferenti
1446 1972 1569 2011 quam
1605 1960 1685 2001 illis

102 2033 321 2080 repugnat.
384 2030 529 2070 Obstat
570 2027 679 2069 enim
723 2027 797 2068 uni
828 2040 877 2068 30
908 2027 1110 2080 singulari
1139 2030 1257 2078 1000,
1300 2040 1424 2080 quem
1454 2029 1538 2069 iam
1569 2035 1686 2070 tuen-

106 2099 206 2138 dum
226 2097 451 2139 Hurdianis
483 2098 778 2149 relinquimus,
812 2098 988 2138 aliorum
1020 2103 1061 2139 et
1088 2099 1360 2149 plurimorum
1397 2099 1529 2141 series
1562 2104 1688 2150 atque

106 2166 241 2208 omnis
283 2165 522 2210 Aristotelis
563 2167 840 2210 ratiocinatio.
918 2168 1132 2220 Nusquam
1174 2168 1286 2210 enim
1326 2168 1507 2221 legimus
1555 2169 1687 2221 philo-

106 2238 286 2288 sophum
326 2239 570 2286 docentem,
622 2240 674 2279 ad
714 2239 997 2280 universalem
1047 2239 1216 2291 generis
1262 2239 1434 2279 humani
1472 2240 1686 2281 notionem

108 2308 358 2359 exaggerari
389 2309 543 2349 debere
574 2320 713 2349 mores
747 2309 979 2349 fabularum
1009 2310 1075 2349 vel
1105 2308 1245 2358 potius
1279 2309 1509 2349 extenuari.
1559 2310 1687 2349 Immo

107 2386 236 2426 quae,
287 2388 368 2427 quo
409 2379 544 2431 magis
585 2380 638 2419 ad
678 2378 934 2418 universalia
983 2378 1167 2428 aspires,
1219 2390 1270 2418 eo
1310 2378 1465 2418 arctius
1516 2379 1686 2419 circum-

108 2445 298 2487 scribitur
346 2447 527 2489 varietas
576 2460 758 2497 morum,
800 2459 851 2488 ea
889 2452 935 2488 ut
967 2459 990 2488 e
1029 2447 1249 2499 tragoedia
1287 2448 1476 2495 tollatur,
1526 2454 1688 2490 tantum

107 2517 226 2557 abest
262 2521 308 2557 ut
339 2517 589 2559 Aristoteles
626 2518 907 2569 praeceperit,
955 2523 1000 2559 111
1038 2530 1130 2558 03111
1171 2518 1296 2558 0113111
1347 2518 1504 2558 servari
1544 2518 1687 2560 iubeat

106 2584 186 2627 hac
226 2585 320 2637 ipsa
361 2588 477 2640 lege,
523 2599 646 2640 quam
687 2589 739 2628 (10
777 2587 1007 2629 universali
1046 2588 1276 2629 fabularum
1318 2592 1466 2629 natura
1497 2600 1547 2630 ea
1579 2589 1688 2640 q'uae

199 2765 260 2807 42)
297 2766 350 2800 cf.
376 2767 581 2809 Bernhardy
607 2766 629 2799 l.
648 2765 669 2799 Ι.
694 2776 731 2809 p.
754 2767 798 2800 41
821 2776 850 2799 S.

200 2822 261 2867 43)
282 2824 305 2857 1.
316 2824 338 2858 l.
352 2823 383 2868 ξ.
395 2823 438 2859 6:
459 2820 523 2857 sm·
544 2819 583 2857 δὲ
599 2822 661 2866 τῆς
681 2821 892 2870 τραγῳδίας
909 2824 986 2860 τῶν
1003 2822 1220 2871 γενομένων
1236 2821 1439 2871 ὀνομάτων
1450 2821 1681 2870 ἀντέχονται.

202 2880 263 2924 44)
298 2893 331 2917 v.
359 2892 467 2926 snpra
491 2892 527 2926 p.
550 2884 604 2918 15.
632 2894 666 2917 n.
686 2883 742 2918 29.
