1843 3058
1645 94 1709 142 37

136 232 252 269 ratus
291 229 333 266 et
360 221 634 263 formidolose
677 223 914 261 exstructus
955 231 981 260 a
1019 218 1236 271 Sophoclis
1277 225 1367 262 arte
1407 219 1503 272 (nisi
1533 219 1640 260 sorte
1669 218 1711 260 in

137 296 286 350 satyris
324 294 410 335 tale
450 289 549 343 quid
590 288 669 331 sibi
707 288 901 343 indulsit)
947 289 1114 330 omnino
1147 289 1311 331 alienus
1340 289 1439 340 suit,
1478 294 1524 331 ut
1553 289 1621 330 vix
1650 288 1711 329 in-

136 368 356 417 tellegatur
397 360 607 413 quomodo
654 359 765 401 hanc
802 371 890 399 rem
926 360 1137 409 posterius
1184 360 1341 401 vitasse
1390 372 1467 400 seu
1513 360 1712 411 effugisse

136 436 296 478 dicatur
336 432 406 485 qui
446 437 672 479 numquam
704 427 873 469 omnino
904 427 1100 480 attigerit.
1178 430 1435 480 Quamquam
1465 428 1710 480 Lessingius

137 510 314 548 taetram
347 511 502 543 scenae
542 498 870 538 adstructionem
910 510 993 537 non
1033 498 1200 539 vitatam
1232 510 1257 538 a
1287 498 1514 548 Sophocle,
1557 499 1632 538 sed
1662 500 1712 538 ab

138 573 336 625 Euripide
358 571 520 612 elusam
540 566 729 619 intellegi
757 567 865 608 vult:
896 566 1037 617 itaque
1070 578 1162 607 cum
1193 579 1309 615 eum,
1345 568 1453 617 quod
1488 578 1513 606 a
1544 566 1713 608 cardine

137 644 198 684 rei
235 638 508 684 aberraverit,
559 637 742 677 maximo
780 637 963 676 virorum
1004 637 1221 676 doctorum
1267 648 1478 676 consensu
1514 637 1713 677 reiectum

134 714 307 762 insuper
346 705 689 753 refutaverimus,
726 705 810 745 iam
852 705 964 756 quod
1005 704 1191 756 singulas
1233 708 1375 756 partes
1404 716 1602 756 perverse
1632 710 1712 745 tra-

137 780 308 823 ctaverit
339 780 459 829 culpa
487 778 530 817 in
561 777 674 818 idem
704 775 850 826 vitium
881 776 1087 816 translata
1106 775 1267 816 facilius
1291 787 1562 817 excusamus:
1592 787 1714 826 prae·

137 849 281 891 sertim
313 859 405 890 cum
434 858 459 887 a
477 845 713 888 recentiore
744 844 859 884 nullo
889 843 980 885 eius
1014 843 1265 885 sententiam
1297 844 1587 885 resuscitatam
1618 856 1716 885 esse

137 916 342 968 sciamus3
375 922 488 958 certe
519 927 573 956 ne
605 913 854 956 Welckerus
888 914 1079 964 quidem,
1123 926 1371 966 quamquam
1402 915 1445 954 in
1474 913 1716 955 universum

136 990 216 1032 sibi
247 1001 340 1033 cum
369 988 441 1028 illo
474 985 699 1028 convenire
731 985 959 1037 significat,
991 985 1104 1026 hunc
1131 997 1315 1026 errorem
1342 987 1481 1026 denuo
1510 997 1716 1026 commen-

137 1060 261 1102 davit.
322 1058 406 1099 Ed.
440 1060 581 1098 autem
611 1056 906 1097 Muellerus
944 1055 985 1095 in
1018 1056 1222 1108 Xylandri
1252 1060 1393 1106 partes
1426 1055 1590 1097 videtur
1621 1068 1716 1096 con-

136 1130 343 1178 cessisse3
386 1131 683 1168 commemorat
715 1126 826 1166 enim
858 1125 985 1166 etiam
1014 1126 1056 1164 in
1091 1126 1172 1166 hoc
1202 1127 1335 1177 gradu
1366 1126 1419 1166 de
1447 1127 1634 1176 pondere
1653 1138 1717 1167 -ac

134 1204 296 1241 tumore
328 1196 551 1244 orationis,
586 1195 940 1248 quemadmodum
970 1195 1176 1246 interpres
1208 1196 1277 1236 ille
1305 1194 1511 1237 Plutarchi
1543 1196 1594 1236 de
1626 1187 1716 1236 ora-

136 1270 251 1311 tione
281 1266 547 1309 artificiosius
578 1266 785 1307 instructa
816 1277 866 1306 ac
895 1266 1040 1318 figuris
1074 1266 1194 1317 quasi
1234 1278 1437 1318 oppressa
1467 1266 1716 1317 Sophoclem

137 1339 298 1381 dixisse
328 1338 514 1388 putabat.
586 1334 742 1377 Dicitur
783 1340 923 1400 autem
941 1334 1350 1401 *rgqgggffiyaerZ'QTaEud
1391 1336 1581 1394 rhetores
1624 1348 1715 1377 cum

1289 1382 1395 1393 ,ιωινιυνῆ

137 1408 385 1460 saepissime
426 1411 636 1448 structura
663 1412 707 1447 et
740 1407 987 1457 compositio
1020 1407 1244 1453 orationis,
1285 1413 1372 1448 tum
1403 1407 1628 1448 artificiosa
1657 1407 1717 1446 in-

136 1479 308 1522 structio
348 1477 548 1520 orationis
589 1464 1037 1528 etw‘apffiaiff‘fiiiffo'
1054 1468 1385 1535 {fsimplicitate
1424 1469 1645 1532 abhorreat
1656 1476 1716 1529 ³⁸),

136 1550 292 1589 Tamen
334 1552 539 1599 repugnat
579 1547 777 1586 Muellero
815 1546 907 1596 ipse
951 1559 1103 1587 sensus
1145 1559 1194 1588 ac
1234 1560 1486 1598 progressus
1517 1548 1598 1587 loci
1627 1547 1716 1586 Plu-

135 1618 324 1661 tarchici:
367 1617 576 1668 quomodo
618 1615 750 1663 enim,
792 1616 828 1655 si
865 1616 905 1655 in
947 1616 1080 1667 primo
1118 1617 1253 1669 gradu
1291 1621 1379 1658 erat
1420 1613 1550 1671 ὄγκος
1592 1617 1716 1656 collo-

138 1694 254 1730 catus
269 1720 280 1736 ‚
321 1688 362 1728 11¹
397 1684 688 1748 almvm-“²5
622 1736 627 1738 .
642 1702 719 1747 ⁷1⁶².
720 1684 1718 1754 gfinjlllllsl‚ccxciiiim&{Ptyssfflismzfflmffflffi

138 1770 408 1802 secernamus
449 1757 596 1810 quibus
637 1756 679 1797 in
718 1756 904 1808 partibus
952 1759 1193 1800 alterutrum
1233 1758 1377 1800 vitium
1411 1754 1719 1809 conspiciatur?

135 1829 439 1871 Odofredus
477 1840 601 1877 porro
643 1826 830 1868 Eduardi
868 1828 994 1869 frater
1032 1830 1142 1879 quod
1182 1827 1230 1871 τὸ
1271 1826 1429 1883 πικρὸν
1468 1831 1555 1870 κτλ.
1595 1828 1719 1869 inter-

137 1903 324 1950 pretatur
356 1897 812 1962 aufflste¹fl¹¹fflues¹fleff¹
843 1901 883 1957 et
905 1909 1285 1960 aeaeril1x1fflae¹2us
1314 1899 1429 1957 *ared
1446 1897 1602 1957 c11121141150.
1619 1896 1718 1956 aistis

136 1969 348 2018 limaeque
380 1966 519 2005 studio
553 1966 606 2005 sit
638 1953 1081 2011 effectuiiij“”‘irl{1eatur
1113 1952 1375 2018 cuipiaiff'ad
1408 1954 1577 2007 omnem=
1603 1952 1720 2007 faliu-

136 2040 270 2080 larum
312 2035 658 2088 compositionem
698 2036 927 2087 respicere:
971 2042 1111 2078 tamen
1152 2038 1222 2079 ubi
1261 2038 1312 2079 ad
1354 2038 1521 2090 singula
1553 2042 1716 2078 ventum

139 2113 228 2155 est,
271 2112 386 2148 totus
427 2106 469 2146 in
502 2106 692 2160 oratione
723 2106 993 2147 diiudicanda
1022 2113 1225 2148 versatur.
1298 2107 1462 2149 Etenim
1502 2119 1594 2147 cum
1625 2109 1719 2147 lene

139 2178 273 2221 oratio
285 2177 350 2219 nis
390 2177 543 2219 flumen
588 2188 668 2229 quo
700 2176 885 2229 Oedipos
926 2179 992 2219 vel
1023 2177 1293 2220 Philoctetam
1323 2179 1513 2231 legentes
1542 2178 1719 2228 permul-

141 2260 308 2290 ceamur
338 2248 546 2298 praeferat
576 2247 758 2289 artificiis
791 2253 832 2289 et
864 2249 1107 2290 obscuritati
1146 2249 1337 2290 studiose
1367 2248 1582 2289 affectatae
1612 2259 1719 2298 quae

137 2317 179 2357 in
208 2316 418 2368 Antigona
446 2316 611 2358 Electra
630 2316 861 2358 Trachiniis
892 2318 1074 2358 lectores
1105 2316 1398 2369 moremini-⁸⁹),
1430 2317 1529 2367 quid
1560 2328 1718 2368 quaeso

233 2515 294 2561 88)
330 2517 432 2553 Dion.
458 2515 533 2550 iud.
569 2515 612 2549 de
637 2515 735 2549 Isaeo
772 2526 802 2549 c.
831 2516 886 2551 16.
947 2517 1048 2559 Diog.
1075 2517 1114 2550 L.
1135 2516 1169 2557 7,
1189 2517 1222 2557 1,
1240 2516 1296 2551 40.
1349 2515 1401 2550 Cf.
1429 2525 1519 2559 quae
1544 2515 1717 2550 Thesauri

141 2576 296 2609 editores
321 2574 539 2608 Parisienses
564 2574 818 2617 adnotaverunt
842 2585 871 2607 s.
896 2586 929 2607 v.

234 2654 296 2700 89)
318 2655 450 2702 ‚odona
478 2653 625 2691 Mueller
649 2656 739 2692 Hist.
761 2656 843 2691 Litt.
866 2655 988 2691 Graec.
1008 2654 1052 2695 11,
1074 2654 1150 2695 115,
1171 2654 1212 2689 3:
1239 2655 1313 2698 „ln
1339 2654 1402 2688 der
1427 2655 1627 2700 Antigone,
1654 2655 1720 2689 den

142 2714 454 2748 Trachinierinnen
488 2715 562 2748 und
589 2715 652 2748 der
675 2715 814 2749 Electra
838 2715 885 2748 ist
910 2713 1001 2748 wohl
1027 2713 1118 2762 noch
1151 2718 1259 2748 etwas
1283 2724 1349 2747 von
1373 2714 1438 2747 der
1463 2715 1722 2748 Kiinstliclikeit

142 2772 215 2806 und
246 2773 442 2816 geeuehten
478 2772 767 2819 Sohwierigkeit,
805 2773 862 2807 die
888 2772 999 2817 Soph.
1033 2783 1075 2806 an
1112 2772 1188 2807 sich
1223 2772 1334 2806 selbst
1368 2772 1522 2816 tadelte3
1559 2773 1642 2807 Aias
1670 2770 1718 2815 (3³)

143 2830 216 2864 und
238 2831 413 2866 Philoctet
445 2832 555 2866 sowie
589 2832 645 2866 die
672 2832 807 2876 Oedipe
843 2833 966 2876 zeigen
1003 2832 1270 2866 unverkennbar
1305 2833 1405 2865 einen
1443 2832 1591 2865 leiehten
1619 2832 1719 2863 Fluss

143 2889 206 2923 der
232 2889 329 2923 Rede
355 2890 426 2924 und
451 2888 545 2924 lesen
573 2890 647 2926 sich
675 2891 738 2925 mit
763 2892 968 2935 geringerer
993 2891 1287 2934 Austrengung.“
