1843 3058
1628 99 1692 147 4⁶1

125 241 228 281 ctos.
286 229 530 282 Lessingius
553 228 663 267 enim
693 229 917 277 antequam
937 223 1174 275 Euripidem
1195 226 1407 264 auctorem
1425 223 1562 264 iudicii
1582 236 1697 266 eom-

125 307 440 353 mendat‚=oum
471 302 597 351 neget
626 298 705 337 nisi
736 298 776 336 in
807 297 910 336 libro
950 295 1002 334 de
1033 295 1159 334 choro
1191 295 1345 335 dictum
1377 294 1476 333 illud
1509 296 1696 345 potuisse

125 379 267 418 extare
288 368 350 424 ¹⁰³)
362 397 378 420 ‚.
414 367 652 410 necessario
678 365 822 406 litteris
853 375 879 405 a
915 362 1122 414 Sophocle
1155 363 1392 403 mandatum
1425 362 1553 403 fuisse
1584 364 1699 404 vide-

125 452 190 487 tur
228 442 425 484 arbitrari.
505 438 618 479 idem
658 447 774 476 vero·
795 435 971 475 coniecit
1018 431 1134 473 Ferd.
1177 432 1411 474 Schultzius
1432 430 1516 483 ¹⁰⁴ss
1576 435 1697 484 quasi

123 513 291 555 omnino
323 520 497 551 necesse
526 508 700 558 suisset,
740 508 785 545 ut
813 503 1041 555 Sophocles
1072 502 1114 542 id
1145 503 1290 543 litteris
1323 507 1535 553 exararet,
1586 504 1697 554 quod

124 586 161 625 si
191 595 291 623 voce
321 582 496 628 iecerat,
541 577 717 617 aliorum
754 577 793 615 in
834 575 947 614 libris
990 577 1208 623 exceptum
1238 573 1457 614 Plutarcho
1489 575 1594 614 tradi
1626 587 1700 626 po-

124 654 209 695 tuit.
271 651 366 702 Ipsa
403 651 542 688 autem
574 646 680 685 haec
710 645 916 684 sententia
947 644 1025 682 etsi
1058 642 1287 683 consultius
1319 643 1459 693 paullo
1490 649 1531 684 et
1560 645 1700 683 consi-

124 722 304 763 deratius
335 718 495 770 prolata
523 715 684 756 videtur
714 722 839 766 quam
871 725 977 765 quas
1010 714 1140 753 obiter
1170 714 1210 753 in
1235 713 1486 764 Aeschylum
1518 719 1559 755 et
1582 714 1700 755 Euri-

124 791 260 842 pidem
299 789 475 829 coniecit
515 796 665 835 voces,
715 790 854 825 tamen
886 784 1222 824 commodissime
1251 787 1412 833 poterat
1441 785 1625 825 exhiberi
1655 787 1696 836 in

124 861 299 913 collegio
328 859 397 898 illo
429 860 666 909 poetarum,
706 855 814 906 quod
840 854 1088 906 Sophoclem
1120 853 1348 894 instituisse
1381 853 1497 894 Vitae
1520 854 1700 907 Scriptor-

124 930 269 969 Istrum
301 929 471 967 secutus
503 929 682 965 testatur
701 923 780 975 ¹⁰⁶).
851 924 924 963 Hic
955 925 1065 963 enim
1105 923 1226 963 facile
1258 924 1521 974 suspicamur
1550 937 1700 976 oppor-

123 999 306 1039 tuniores
339 1006 463 1046 quam
493 995 580 1035 ullo
611 994 691 1035 alio
722 994 813 1034 loco
846 992 1038 1045 Sophocli
1069 992 1222 1041 multas
1254 1004 1382 1044 saepe
1412 994 1576 1036 oblatas
1602 1006 1700 1035 esse

125 1077 300 1115 causaS‚
337 1075 410 1104 cur
438 1065 573 1115 poetis
607 1063 741 1103 eidem
773 1063 850 1102 arti
881 1062 1031 1102 deditis
1064 1067 1316 1114 exponeret,
1357 1072 1462 1114 quae
1493 1074 1586 1103 cum
1618 1065 1701 1104 Ae-

126 1135 267 1187 schylo
299 1134 378 1175 sihi
408 1133 716 1174 intercessisset
744 1133 1001 1180 necessitas,
1033 1133 1130 1183 quid
1161 1134 1250 1185 ipse
1281 1144 1363 1173 usu
1396 1134 1496 1173 artis
1526 1145 1576 1174 ac
1606 1146 1702 1185 pro-

126 1216 275 1258 gressu
306 1205 454 1244 doctus
486 1208 612 1244 esset.
682 1203 763 1243 Illis
797 1208 958 1251 autem,
1001 1204 1068 1253 qui
1100 1207 1141 1243 et
1170 1205 1251 1254 ipsi
1282 1208 1412 1244 artem
1459 1210 1701 1246 exercerent

126 1280 167 1317 et
195 1276 318 1315 trium
349 1275 578 1325 principum
611 1275 861 1325 tragicorum
894 1284 1039 1313 omnes
1079 1273 1166 1313 fere
1196 1274 1357 1314 fabulas
1402 1274 1595 1314 audirent
1634 1276 1701 1316 vel

126 1345 331 1396 legerent,
365 1342 527 1383 suffecit
557 1343 701 1395 paucis
734 1342 978 1383 adumbrata
1001 1353 1097 1383 esse
1127 1353 1177 1383 ea
1208 1350 1351 1393 quae‚·
1371 1344 1553 1384 maximo
1583 1344 1702 1385 fabu-

124 1415 254 1455 larum
289 1424 461 1454 numero
493 1416 724 1463 temporum
756 1413 909 1453 invidia
939 1413 1097 1463 deleto⁷
1128 1414 1251 1454 ‚nobis
1279 1414 1442 1464 quidem
1474 1415 1700 1456 difficiliora

126 1489 221 1526 sunt
252 1485 317 1543 αεὶᾖ
335 1484 671 1537 intellegendum.

243 1588 535 1640 Repetentibus
579 1588 964 1646 autempmcmoriffi
1014 1588 1109 1643 quid
1141 1577 1373 1638 Sophocles
1418 1600 1583 1641 quoque
1614 1592 1706 1640 iure,

126 1656 369 1699 iudicaverit
399 1658 451 1698 de
472 1670 549 1698 sua
573 1662 662 1698 arte
694 1668 825 1708 aeque
856 1668 906 1698 ac
937 1657 989 1697 de
1015 1657 1222 1708 Aeschylo
1255 1661 1296 1697 et
1314 1657 1528 1717 Euripide,
1563 1661 1702 1713 paul-lo

127 1729 361 1781 accuratius
394 1728 529 1768 licebit
572 1728 806 1769 describere
846 1727 914 1777 qui
955 1726 1077 1767 fuerit
1116 1728 1151 1767 is
1185 1738 1307 1777 quem
1341 1726 1599 1782 Schlegelius
1640 1733 1702 1771 in-

128 1786 474 1848 formatpoetam
509 1796 870 1849 philosophantem
890 1794 964 1846 ¹⁰⁸).
1037 1796 1266 1847 Sophocles
1299 1799 1407 1838 enim
1454 1811 1534 1839 non
1568 1802 1702 1854 solum

127 1859 264 1906 diuino
296 1868 413 1918 quasi
445 1868 641 1907 instinctu
673 1866 836 1906 afflatus
868 1867 1066 1907 divinavit
1096 1866 1426 1919 quodammodo,
1475 1871 1571 1920 quid
1605 1883 1703 1923 poe-

126 1941 208 1976 tam
250 1938 451 1988 tragicum
493 1937 679 1984 deceret,
732 1947 865 1986 neque
907 1940 1003 1977 vero
1050 1938 1158 1977 idem
1199 1939 1459 1979 universales
1500 1941 1704 1991 quasdam

127 2000 310 2049 rationes
343 2005 394 2045 de
425 2009 513 2046 arte
544 2007 717 2056 eiusque
748 2009 896 2046 natura
929 2008 1199 2059 excogitavit,
1248 2008 1324 2048 sed
1356 2011 1590 2061 aequalium
1622 2016 1706 2053 tra-

126 2074 310 2127 gicorum
353 2077 545 2126 poemata
576 2072 834 2126 comparavit
878 2079 919 2116 et
949 2076 1003 2116 ad
1036 2088 1156 2117 suam
1188 2081 1319 2117 artem
1349 2079 1439 2129 ipse
1470 2081 1704 2130 attendens,

128 2137 232 2194 quae
253 2143 524 2203 relinquenda
546 2150 713 2195 essent,
747 2156 854 2196 quae
874 2146 1084 2195 tollenda,
1117 2159 1198 2188 usu
1217 2148 1368 2188 didicit.
1417 2148 1459 2189 Id
1481 2155 1619 2192 autem
1638 2152 1705 2193 vel

127 2218 305 2258 maxime
349 2218 557 2269 proprium
598 2221 688 2258 erat
726 2216 972 2269 Sophoclis,
1014 2222 1059 2259 ut
1086 2219 1236 2259 finibu's
1268 2223 1512 2269 contentus,
1555 2225 1703 2273 quibus

128 2297 152 2326 a
182 2285 441 2347 philosophis
483 2292 634 2338 poetae
676 2292 971 2340 segregantur,
1017 2289 1097 2329 nisi
1137 2289 1234 2330 data
1266 2291 1488 2332 occasione
1534 2292 1586 2333 de
1617 2298 1705 2335 arte

125 2365 207 2403 non
252 2362 490 2408 exponeret.
563 2357 728 2398 Librum
771 2359 879 2399 enim
921 2359 973 2399 de
1013 2359 1140 2400 choro
1182 2370 1289 2410 quae
1321 2361 1443 2403 fuerit
1474 2374 1601 2404 causa
1631 2375 1705 2404 cur

224 2564 306 2609 103)
333 2566 539 2611 Lessingius
570 2567 663 2611 Opp.
691 2567 759 2601 vol.
787 2568 831 2602 X.
859 2579 894 2612 p.
922 2549 979 2603 55.

224 2636 305 2678 104)
331 2637 436 2673 Ferd.
464 2637 669 2672 Schultzius
695 2638 738 2671 de
762 2639 834 2672 vita
858 2638 1044 2683 Sophoclis
1071 2650 1106 2684 p.
1135 2639 1215 2675 131.

225 2704 306 2749 105)
332 2705 505 2749 Bergkius
540 2708 600 2750 qui
635 2708 679 2741 de
714 2709 779 2741 hoc
805 2708 954 2753 collegio
981 2709 1139 2754 disputat
1164 2721 1199 2754 p.
1226 2711 1362 2754 XlXa‚
1406 2716 1440 2744 ct
1465 2713 1542 2756 ipse
1569 2713 1704 2758 Sopho·

129 2759 217 2793 clem
250 2764 355 2797 simili
379 2776 482 2799 usum
507 2767 694 2800 occasione
726 2766 785 2800 illa
809 2768 936 2801 iecisse
963 2768 1142 2803 existimat
1168 2779 1205 2813 p.
1231 2770 1353 2803 XXXI
1364 2780 1395 2805 a.

223 2832 305 2876 106)
331 2835 405 2869 Non
431 2831 539 2871 habui
574 2838 747 2880 quomodo
774 2839 958 2872 redderem
983 2840 1049 2872 alio
1076 2844 1110 2872 et
1134 2850 1202 2874 uno
1229 2842 1397 2875 vocabulo
1437 2841 1472 2874 id
1500 2843 1594 2884 quod
1619 2842 1701 2876 Ger-

129 2889 263 2923 manice
291 2898 346 2927 est
381 2896 471 2936 „vin
498 2896 702 2930 denkender
729 2896 961 2932 Kiinstler“?
1012 2900 1055 2932 V.
1083 2899 1126 2931 de
1152 2899 1352 2944 Schiegelio
1378 2911 1483 2945 snpra
1512 2911 1543 2933 n.
1574 2900 1626 2934 10.
