1843 3058
1650 89 1711 142 11

142 223 315 266 omnino
346 231 504 273 negare
534 219 615 261 hac
643 217 909 280 potissimum
938 216 982 258 in
1013 228 1141 264 voce,
1181 228 1288 269 quae
1330 228 1423 257 cum
1447 216 1503 257 iis
1542 216 1613 269 qui
1641 215 1717 257 So-

141 294 339 345 phoclem
364 300 366 302 ’
387 290 580 332 audirent
626 300 844 330 sermones
894 292 1104 328 serentem
1150 287 1282 328 facilis
1330 286 1454 328 suerit
1489 286 1716 335 intellectu,

143 360 384 415 legentibus
428 360 547 401 nobis
590 358 752 400 videtur
792 357 1008 399 obscurior
1045 361 1086 398 et
1125 356 1168 397 in
1207 369 1288 410 qua
1325 356 1550 399 audaciora
1593 356 1718 399 etiam

142 433 416 483 interpretum
447 428 619 472 artificia
661 428 802 479 specie
833 429 1013 480 quadam
1042 428 1395 469 commendentur.
1442 427 1584 469 Tutior
1614 438 1719 469 sanc

144 502 373 547 videbitur,
425 499 633 551 siquidem
666 499 719 539 ad
758 498 1069 549 grammaticas
1091 503 1249 539 tantum
1296 497 1481 538 rationes
1519 497 1717 539 iudicium

140 571 345 625 exigitur,
377 568 557 610 Dacierii
586 567 896 618 interpretatio,
928 567 1026 619 quia
1055 569 1225 608 verbum
1258 568 1369 619 quod
1400 572 1465 608 est
1493 568 1564 609 δεῖ
1589 568 1717 611 latino

138 643 253 698 quod
286 645 351 682 est
380 636 542 682 debere
571 643 666 690 apte
697 638 893 686 vertitur,
926 643 967 680 et
992 638 1113 680 facile
1140 638 1353 688 suppletur
1380 630 1505 679 εἶναι.
1558 635 1715 678 Eadem

141 723 243 753 vero
277 711 394 752 unde
423 710 717 757 labefactetur,
758 709 865 750 infra
894 709 1139 750 videbimus.
1208 709 1463 760 Quamquam
1502 720 1555 748 ne
1585 718 1718 759 gram-

136 781 295 836 ,matico
336 781 505 833 quidem
535 792 619 820 non
648 779 804 830 poterit
832 778 957 820 tertia
987 784 1112 831 atque
1152 778 1233 819 alia
1271 790 1355 818 non
1394 778 1528 830 magis
1557 777 1720 828 probari

144 851 275 900 ratio,
305 855 352 892 ut
381 852 496 891 nullo
527 850 748 900 supposito
779 851 983 891 vocabulo
1013 849 1150 899 ipsum
1175 849 1221 890 ‚id
1254 849 1364 899 quod
1396 848 1547 899 legitur
1574 853 1720 890 ποιεῖν

143 920 490 973 subintellegatur
529 920 582 960 ad
621 919 662 960 id
697 920 817 972 ·quod
857 918 1069 970 praecedit
1109 919 1195 966 δεῖ,
1248 918 1388 969 itaque
1437 918 1597 959 dicatur
1644 916 1718 958 So-

140 990 313 1041 phocles
359 985 529 1038 αὕτός
565 994 782 1042 ποιεῖν,
829 988 989 1038 οἵους
1039 990 1125 1030 δεῖ
1160 1000 1217 1028 sc.
1258 993 1457 1029 ποιεῖν.
1535 988 1617 1028 Iam
1669 986 1718 1029 τὸ

140 1060 240 1103 δέον
270 1071 408 1113 neque
441 1059 493 1100 ad
524 1071 686 1100 morum
716 1058 1014 1110 praestantiam
1046 1058 1233 1111 cogimur
1263 1069 1464 1099 revocare
1494 1069 1633 1110 neque
1665 1058 1718 1099 ad

141 1131 358 1171 veritatem
387 1131 598 1182 quandam
627 1130 829 1170 mediam:
870 1129 994 1168 immo
1036 1129 1078 1169 id
1111 1130 1223 1180 quod
1264 1129 1386 1169 decet
1424 1128 1586 1180 fingere
1617 1128 1718 1168 illud

140 1206 205 1242 est
242 1200 356 1251 quod
396 1199 619 1245 conveniat
656 1199 815 1251 regulis
856 1198 1004 1250 quibus
1052 1203 1217 1240 tenetur
1254 1200 1433 1250 ποίησις
1474 1209 1608 1250 eaque
1639 1203 1718 1239 tra-

139 1269 398 1320 goediarum.
445 1269 555 1321 Ergo
587 1269 695 1310 haec
726 1268 902 1310 efficitur
920 1268 1138 1318 Sophoclis
1173 1267 1403 1318 sententia,
1436 1279 1558 1319 quam
1579 1268 1718 1318 paullo

141 1339 355 1391 copiosius
385 1339 560 1381 reddas:
609 1333 708 1382 οἷον
736 1341 811 1381 καὶ
842 1339 1071 1394 Σοφοκλῆς
1101 1336 1205 1394 ἔφη,
1236 1334 1367 1389 αὗτὸς
1395 1344 1564 1388 ποιεῖν,
1598 1337 1720 1387 οἵους

141 1404 274 1452 αῧτόν
310 1408 492 1462 ποιητὴν
532 1407 636 1452 ὄντα
680 1411 963 1467 (τραγῳδιῶν)
999 1411 1069 1452 δεῖ
1093 1416 1301 1452 ποιεῖν.·
1345 1421 1520 1461 eamque
1551 1414 1718 1451 senten-

140 1480 238 1530 tiam
269 1491 441 1531 prorsus
475 1480 700 1522 convenire
721 1480 760 1521 ei
777 1491 902 1532 quam
934 1491 1060 1531 supra
1087 1480 1327 1531 posuimus,
1361 1484 1513 1531 sponte
1534 1487 1717 1531 apparet.

139 1550 210 1592 Sic
237 1562 339 1592 vero
371 1550 442 1592 ubi
472 1552 610 1591 locum
648 1540 942 1601 interpretatus
975 1551 1057 1598 sis,
1097 1551 1179 1591 hoc
1208 1562 1377 1602 quoque
1407 1549 1527 1591 facile
1558 1550 1719 1592 intelle-

140 1619 275 1672 gitur,
322 1619 491 1661 omissis
530 1620 743 1662 vocabulis
790 1632 897 1672 quae
938 1619 1050 1661 idem
1088 1620 1177 1661 fere
1209 1623 1362 1661 sonant
1401 1620 1612 1671 quomodo
1643 1619 1718 1661 So-

138 1689 280 1740 phocli
309 1689 472 1731 licuerit
504 1690 670 1732 brevius
703 1691 863 1732 dicere:
895 1691 967 1731 illa
985 1702 1084 1731 vcro
1103 1702 1211 1742 quae
1232 1690 1411 1731 Hurdius
1437 1702 1486 1731 ac
1502 1690 1719 1732 Dacierius

139 1760 379 1810 explicandi
409 1772 538 1802 causa
567 1766 788 1811 repetunt,
830 1760 1061 1812 Sophocles
1103 1766 1174 1802 aut
1205 1760 1374 1801 omnino
1407 1773 1489 1801 non
1523 1760 1720 1814 cogitavit

140 1834 211 1889 aut
240 1829 398 1871 diserte
428 1830 568 1872 dicere
599 1832 788 1872 debebat.

257 1899 411 1939 Verum
450 1899 648 1951 quoniam
687 1898 853 1940 difficile
900 1905 965 1940 est
1002 1899 1238 1940 criticorum
1286 1912 1421 1952 genus
1463 1907 1505 1942 et
1545 1901 1611 1942 cui
1649 1902 1718 1942 vix

139 1969 395 2018 persuadeas
445 1981 531 2010 uno
581 1973 829 2021 argumento
877 1971 1023 2016 allato,
1068 1971 1231 2020 plures.
1256 1970 1488 2013 iubebimur
1532 1971 1718 2014 rationes

142 2037 409 2090 suppeditare
440 2039 588 2090 quibus
620 2044 806 2087 nostram
839 2041 1180 2080 commendemus
1220 2041 1490 2083 sententiam:
1538 2042 1616 2084 hac
1645 2054 1718 2094 po-

138 2107 346 2152 tissimum
366 2108 586 2160 Sophoclis
603 2110 646 2150 in
669 2109 881 2151 sententia
901 2110 1170 2160 explicanda,
1203 2110 1245 2150 in
1267 2123 1370 2162 qua,
1404 2117 1450 2153 ut
1481 2118 1546 2154 est
1576 2113 1714 2154 brevis

139 2182 181 2220 ct
211 2178 333 2231 quasi
361 2180 556 2230 abrupta,
599 2190 652 2220 ne
683 2191 762 2220 nos
793 2179 960 2232 quidem
991 2180 1204 2231 potuimus
1238 2192 1396 2233 negare
1427 2182 1518 2224 aliis
1550 2194 1718 2236 quoque

137 2249 274 2289 locum
307 2260 405 2291 esse
434 2248 859 2301 interpretationibus.
922 2250 1039 2292 Nova
1068 2250 1194 2303 igitur
1225 2251 1293 2293 via
1322 2263 1419 2294 num
1451 2253 1504 2294 ad
1535 2254 1716 2295 eundem

138 2317 264 2359 finem
293 2318 612 2368 perveniamus,
655 2320 955 2370 experiendum
989 2321 1085 2362 erit:
1124 2326 1170 2362 ut
1209 2333 1478 2373 quaeramus,
1520 2335 1642 2374 quam
1672 2323 1714 2362 iu

134 2393 293 2438 partem
312 2388 561 2432 Aristoteles
594 2389 784 2432 videatur
807 2390 1027 2442 Sophoclis
1059 2391 1273 2442 accepisse
1305 2405 1555 2434 sermonem.
1604 2395 1716 2442 Quo-

140 2458 252 2499 niam
294 2471 394 2500 vero
437 2471 497 2500 ne·
529 2459 609 2500 hac
649 2460 816 2511 quidem
856 2463 910 2501 de
950 2474 995 2502 re
1038 2462 1207 2501 omnino
1250 2468 1415 2504 constat
1453 2462 1560 2503 inter
1599 2464 1713 2504 viros

135 2529 306 2570 doctos:
356 2541 410 2570 ne
448 2529 682 2572 irretiamur
720 2531 803 2571 huc
847 2531 943 2572 illuc
982 2532 1100 2573 tracti
1139 2544 1164 2573 a
1203 2532 1354 2574 criticis
1400 2533 1712 2582 praeeuntibus,

135 2601 255 2640 caute
287 2598 365 2640 crit
397 2598 724 2649 procedendum.

258 2680 320 2721 Ac
357 2680 533 2730 primum
563 2681 732 2734 quidem
765 2681 806 2722 id
840 2681 997 2734 agitur,
1038 2688 1083 2724 ut
1113 2683 1183 2736 qui
1222 2684 1275 2726 sit
1314 2696 1447 2725 nexus
1479 2696 1528 2725 ac
1559 2697 1713 2727 sensus

132 2749 215 2791 loci
246 2750 491 2793 Aristotelei
521 2751 769 2803 aperiamus.
824 2752 1038 2803 Oportebit
1067 2753 1192 2806 igitur
1222 2754 1311 2796 libri
1342 2755 1397 2795 de
1428 2759 1517 2797 arte
1546 2756 1714 2807 poetica

132 2822 265 2860 totum
314 2827 437 2872 caput
458 2822 510 2863 26
544 2826 586 2864 et
616 2822 652 2864 si
691 2822 763 2875 qui
799 2822 868 2863 alii
898 2823 980 2864 loci
1021 2824 1242 2874 opportuni
1283 2824 1504 2867 videantur
1541 2826 1584 2866 in
1628 2827 1711 2867 dis-

134 2889 411 2938 ceptationem
453 2904 617 2934 vocare.
697 2893 779 2934 Iam
818 2892 901 2933 hoc
937 2893 979 2933 in
1021 2894 1190 2946 negotio
1233 2894 1439 2936 infelicius
1479 2908 1583 2937 sane
1620 2907 1708 2936 rem
