1843 3058
354 288 813 433 SENTENTIAE
870 350 1464 433 coNfflovERsAF„

890 509 927 559 I.

253 603 541 653 Ἀειναῦται
567 602 755 653 Milesii
778 620 902 669 quos
935 620 1170 670 perverse
1189 610 1370 654 tractat
1390 602 1694 653 Plutarchus

120 675 315 739 quaest?
357 670 527 721 Graec.
570 675 633 721 32
684 673 753 738 (p.
800 675 898 722 298
918 673 968 734 D)
1027 675 1292 739 optimates
1343 675 1551 722 fuerunt
1606 675 1693 739 qui

120 760 236 792 cum
257 759 284 792 e
313 742 476 809 patria
512 742 655 791 eiecti
691 749 855 792 essent
889 742 1016 791 urbe
1052 743 1268 792 navibus
1300 743 1502 793 obsessa
1525 761 1693 793 rerum

121 829 298 861 rursus
332 812 479 877 potiti
515 819 647 860 sunt.

874 913 934 963 II.

267 1004 471 1055 Bellum
508 1004 766 1056 Persicum
809 1023 970 1072 neque
1005 1003 1085 1055 Ol.
1116 1006 1178 1054 78
1227 1024 1387 1074 neque
1438 1005 1518 1057 Ol.
1548 1009 1628 1070 8⁶2,
1661 1011 1692 1058 4

118 1083 206 1125 aut
241 1093 332 1142 per
368 1074 625 1125 Cimonem
662 1084 748 1125 aut
782 1093 872 1143 per
908 1074 1126 1125 Calliam
1164 1079 1312 1126 certis
1348 1079 1484 1144 pacis
1521 1080 1690 1129 condi-

118 1147 348 1196 cionibus
386 1148 719 1213 compositum
761 1154 849 1197 est.

858 1260 944 1310 III.

258 1352 410 1420 Soph.
448 1352 582 1402 Phil.
619 1371 666 1403 v.
704 1355 802 1403 227
844 1371 882 1403 s,
920 1371 1036 1403 oum
1082 1352 1226 1403 Ferd.
1265 1352 1523 1404 Schultzio
1570 1356 1689 1404 scri-

114 1424 366 1476 bendum:

338 1499 472 1546 'AM’
504 1499 788 1549 οἰκτίσαντες
818 1497 966 1555 ἄνδρα
997 1499 1223 1555 δύστηνον
1236 1534 1246 1550 ,
1281 1499 1428 1554 μόνον

333 1557 529 1617 ’Έρημον
561 1553 651 1602 ὧδε
681 1555 884 1615 κᾶφιλον
915 1575 939 1601 κ
950 1557 979 1601 οἷ
993 1558 1019 1602 λ
1030 1574 1052 1603 ε
1062 1574 1087 1602 o
1100 1557 1163 1614 ὑμ
1175 1573 1196 1602 ε
1208 1574 1234 1602 ν
1247 1574 1271 1601 ο
1285 1574 1325 1602 ν.

118 1631 294 1699 (vulgo
329 1633 490 1682 fertur
523 1629 878 1696 καλούμενον).

855 1756 943 1807 IV.

194 1846 197 1849 ⁴
252 1851 382 1902 Ibid.
419 1869 468 1901 v.
507 1850 607 1900 425
645 1849 994 1900 scribendum:

297 1927 556 1983 Ἀντίλοχος
585 1924 708 1985 wiva}
740 1926 962 1984 φροῦδος,
995 1923 1053 1975 ὃς
1083 1926 1275 1983 παρῆν
1304 1927 1498 1982 μόνος.

112 2000 287 2067 (vulgo
333 2002 515 2050 fertur:
573 1999 725 2064 ὅσπερ
778 1995 843 2062 ἦν
887 1995 1039 2065 γόνος
1050 2017 1067 2057 ;
1123 1998 1250 2058 libri
1292 2008 1506 2062 veteres,
1561 2006 1687 2049 teste

111 2067 303 2120 Schol.:
338 2069 531 2136 μόνος).
1019 2067 1028 2073 ’

862 2193 927 2243 V.

247 2287 518 2338 Eiciendus
551 2305 578 2337 e
614 2288 803 2337 scholis
837 2284 1103 2337 Cornelius
1141 2286 1322 2354 Nepos.
1414 2311 1417 2314 ·

854 2411 942 2462 VI.

246 2504 509 2556 Cornelius
546 2503 712 2572 Nepos
748 2505 885 2573 quod
918 2504 1048 2555 Milt.
1069 2523 1109 2555 o.
1135 2506 1180 2568 7,
1209 2506 1236 2554 3
1268 2507 1444 2571 procul
1473 2509 1521 2555 in
1557 2523 1679 2556 eon-

106 2579 278 2625 tinenti
322 2578 546 2642 scripsit,
592 2574 783 2642 Ephori
828 2576 941 2623 loco
989 2577 1128 2641 (fgm.
1174 2576 1268 2624 107
1308 2576 1385 2624 ed.
1423 2576 1586 2640 Marx)
1625 2579 1679 2625 ἐν

105 2644 344 2710 Μυκόνῳ
390 2646 711 2714 neglegenter
764 2646 987 2711 inspecto
1035 2644 1203 2712 legere
1259 2645 1358 2695 sibi
1411 2647 1546 2696 visus
1604 2652 1680 2696 est

105 2715 159 2764 ἐν
196 2712 439 2780 Μυκάλῃ.

720 2849 1050 2858 ———--—--——·-——-—--
