1843 3058
1641 78 1703 125 41

137 228 234 269 sus,
269 220 571 259 <documentum
613 216 803 267 exhibet,
848 214 956 266 quod
990 214 1079 255 sola
1118 216 1157 255 in
1192 215 1400 268 Antigona
1438 214 1578 255 sabula
1609 226 1709 255 nus-

135 300 259 342 quam
296 297 442 327 versus
473 288 580 327 inter
608 286 714 326 duas
745 296 949 336 personas
983 285 1198 334 dividitur,
1236 287 1278 324 in
1310 284 1540 325 Trachiniis
1571 289 1709 326 autem

134 359 222 401 Jole
252 368 418 410 semper
449 357 658 398 silentium
690 352 948 407 servavit⁹⁴).
998 354 1088 396 Jam
1120 355 1224 396 haec
1253 355 1404 396 indicia
1435 358 1478 395 ut
1510 358 1617 395 recte
1638 356 1711 396 ob-

135 432 302 470 servata
332 423 451 477 sunt,
499 428 558 467 ita
588 426 892 476 simplicitatem
933 426 1144 476 quandam
1176 438 1224 465 ac
1257 427 1540 472 severitatem,
1588 436 1708 475 quam

102 498 187 556 ‚ad
221 497 419 550 Aeschyli
449 494 585 537 artem
611 495 789 546 referas,
833 499 974 547 aperte
1006 495 1208 546 produnt:
1257 495 1376 547 rigidi
1408 506 1504 534 vero
1536 498 1607 535 aut
1637 505 1711 535 au-

135 570 233 610 steri
265 567 365 608 nihil
393 568 435 607 in
467 566 548 606 illis
580 565 860 617 deprehendo.
891 589 948 597 —
980 566 1176 606 Attamen
1208 567 1388 616 quinque
1417 566 1712 620 illae-tragoe-

134 640 247 690 diae,
290 649 396 690 quas
427 639 478 678 ab
510 637 718 690 Antigona
760 636 858 677 inde
887 647 1024 688 usque
1054 637 1106 678 ad
1138 636 1382 678 Trachinias
1414 636 1616 689 Bergkius
1648 647 1711 677 re-

136 712 306 761 censet,
328 710 501 760 possint
526 708 703 758 cuipiam
727 711 921 748 austerae
939 707 1066 748 videri
1082 739 1092 755 ‚
1123 708 1193 748 ubi
1224 718 1318 748 cum
1347 708 1513 758 reliquis
1543 707 1710 748 duabus

133 778 402 821 contenderit.
477 777 564 819 Hae
594 779 703 818 enim
734 778 786 818 ad
818 778 1017 818 leniorem
1060 782 1101 818 et
1131 778 1400 829 placidiorem
1433 779 1586 818 exitum
1619 788 1712 829 per—

133 851 361 900 ducuntur,
406 849 671 889 Philoctetam
703 849 796 889 dico
816 852 877 899 et,
912 850 954 888 ni
986 847 1216 889 Schoellius
1238 849 1481 895 intonuerit,
1511 847 1711 898 Oedipum

133 920 379 961 Coloneum:
410 920 552 959 inillis
584 930 682 959 vero
714 919 864 959 fabulis
896 920 964 970 qui
994 919 1247 959 inducuntur
1275 918 1423 960 heroes
1458 919 1578 969 culpa
1610 930 1710 968 qua—

134 991 229 1036 dam
271 990 474 1041 impliciti,
527 988 591 1031 dis
622 989 809 1031 adversis
851 994 892 1031 et
930 989 1045 1031 fatali
1085 990 1253 1030 numine
1301 990 1415 1030 fracti
1447 990 1486 1029 in
1519 1000 1711 1041 asperam

134 1062 242 1101 vitae
274 1060 558 1102 condicionem
600 1060 845 1101 deiciuntur.
906 1059 1058 1101 Verum
1092 1061 1171 1100 hoc
1202 1061 1443 1111 discrimen,
1492 1061 1599 1111 quod
1633 1060 1713 1100 etsi

133 1132 316 1184 tangitur
355 1132 465 1183 apud
498 1131 759 1171 Aristotelem
791 1136 899 1183 poet.
936 1132 1000 1181 13,
1023 1133 1045 1172 5
1079 1136 1216 1172 tamen
1249 1133 1300 1172 ab
1333 1135 1418 1172 arte
1450 1132 1608 1184 tragica
1639 1143 1712 1171 ve-

132 1205 263 1241 terum
296 1201 478 1241 alienum
510 1204 596 1250 est,
643 1202 870 1251 sapientiae
901 1203 1134 1242 exotericae
1166 1202 1377 1241 hominum
1410 1203 1708 1254 elegantiorum

134 1270 378 1323 relinquam.

247 1387 298 1427 Ut
322 1391 506 1428 revertar
535 1389 588 1428 ad
609 1388 932 1429 controversiam
954 1387 1141 1426 Virorum
1166 1386 1563 1436 illustrissimorum,
1596 1388 1709 1429 vide—

132 1462 197 1507 tur
227 1468 329 1498 sane
360 1458 488 1507 alter,
523 1460 601 1499 etsi
631 1459 911 1498 austeritatem
939 1456 1156 1507 Sophoclis
1182 1458 1311 1497 fuisse
1342 1458 1517 1498 alienam
1542 1459 1707 1509 iudicat,

135 1537 308 1566 severae
338 1531 476 1567 tamen
509 1528 607 1568 artis
640 1527 714 1568 sed
744 1526 929 1567 eiusdem
951 1526 1136 1566 sublimis
1158 1527 1350 1577 exempla
1370 1527 1460 1578 ipse
1480 1528 1709 1569 illustrare:
1758 1535 1768 1545 ·

133 1598 247 1644 alter,
269 1599 338 1649 qui
354 1599 637 1639 austeritatem
657 1599 950 1652 deprehendit,
975 1597 1122 1638 saltem
1146 1609 1227 1638 non
1252 1598 1445 1638 ostendit.
1495 1598 1587 1639 Jam
1605 1601 1708 1651 ipse,

132 1678 241 1717 quae
272 1672 336 1708 est
366 1679 461 1708 mea
493 1669 656 1708 indoles
687 1680 736 1708 ac
768 1672 915 1708 natura
947 1680 970 1707 a
995 1667 1334 1718 philosophorum
1355 1669 1706 1719 disputationibus

132 1739 299 1778 omnino
320 1740 456 1779 aliena
470 1770 480 1786 ,
508 1738 836 1793 disceptantibus
856 1738 962 1792 Viris
982 1737 1274 1789 Illustrissimis
1295 1737 1347 1779 de
1368 1738 1520 1780 finibus
1552 1742 1709 1782 austeri

132 1810 347 1848 ac‘severi
390 1820 470 1848 non
513 1821 579 1849 me
611 1810 808 1849 arbitrum
848 1810 1007 1860 ingero.
1084 1808 1355 1849 Nihilominus
1386 1821 1484 1849 vero
1516 1822 1603 1850 rem
1635 1812 1709 1851 ali-

133 1881 338 1928 quatenus
374 1878 569 1928 expedire
599 1880 799 1931 cogimur.
863 1879 976 1919 Patet
1007 1881 1143 1919 autem
1177 1879 1405 1920 etiamnum
1437 1880 1589 1931 duplex
1622 1882 1708 1922 via:

131 1947 261 1988 altera
300 1951 345 1987 ut
385 1948 538 1988 nodum
581 1960 664 1988 non
705 1949 980 1999 explicemus,
1036 1948 1108 1987 sed
1143 1948 1379 1989 dividamus
1421 1950 1493 1990 Od.
1525 1951 1710 1992 Muelleri

132 2016 321 2068 exemplo
378 2017 508 2068 docti;
588 2018 717 2059 altera
772 2022 818 2058 ut
874 2018 1061 2070 vestigiis
1132 2027 1239 2068 quae
1295 2024 1405 2060 recte
1464 2021 1709 2061 monstravit

130 2087 334 2140 Bergkius
366 2088 570 2129 instantes
604 2090 817 2130 videamus
850 2100 949 2129 num
983 2089 1034 2128 de
1067 2100 1230 2129 summa
1261 2090 1354 2129 eius
1387 2090 1523 2131 iudicii
1555 2092 1709 2142 aliquid

130 2157 411 2198 detrahamus.

247 2275 420 2317 Primum
454 2281 614 2327 autem,
652 2288 704 2317 ne
737 2275 833 2328 quid
861 2278 1151 2327 intemptatum
1176 2277 1485 2330 relinquamus,
1516 2277 1621 2318 haec
1642 2281 1708 2319 via
1776 2305 1787 2315 .

130 2345 207 2386 erit
236 2345 483 2388 inchoanda.
548 2347 802 2400 Significavit
822 2350 960 2388 autem
994 2346 1063 2386 Vir
1080 2345 1387 2387 Illustrissimus
1410 2352 1572 2398 praeter
1603 2349 1708 2389 inte-

130 2417 339 2467 gritatem'
369 2417 668 2467 trimetrorum,
726 2419 835 2468 quod
884 2417 1038 2457 scimus
1091 2427 1186 2455 esse
1231 2416 1423 2456 indicium
1466 2418 1707 2467 antiquioris

129 2478 300 2533 aetatis,
352 2491 392 2527 et
422 2489 577 2527 mutam
610 2489 650 2526 in
683 2486 909 2527 Trachiniis
941 2486 1150 2525 inductam
1191 2497 1412 2537 personam
1445 2499 1552 2538 quae
1582 2490 1708 2538 perti-

130 2543 225 2596 neat
255 2555 310 2596 ad
341 2545 630 2608 simpliciorem
658 2557 757 2596 artis
777 2567 921 2603 usum,
953 2558 993 2595 et
1024 2557 1281 2596 severitatem
1315 2568 1407 2596 eam
1443 2568 1523 2607 qua
1544 2556 1707 2609 Sopho-

128 2626 213 2666 cles
243 2627 284 2666 in
306 2626 515 2679 Antigona
546 2628 597 2666 ab
621 2627 700 2666 illis
728 2627 848 2676 quasi
878 2625 1307 2680 hemistichiomythiis
1339 2638 1446 2677 quae
1478 2622 1707 2681 ἇντιλαβαῑ

128 2700 328 2737 vocantur
359 2698 617 2737 abstinuerit.
680 2696 795 2736 Hanc
826 2699 965 2736 autem
999 2696 1205 2736 licentiam
1239 2698 1279 2735 in
1313 2697 1545 2737 dividendis
1579 2699 1706 2737 versi-

221 2882 282 2927 94)
311 2884 363 2922 Cf.
391 2885 435 2919 de
461 2884 600 2927 Bergkii
627 2885 801 2919 sententia
828 2884 961 2923 Comm.
995 2898 1029 2932 p.
1053 2887 1444 2931 XXXII-xxxvl.-
