1843 3058
112 31 222 93 '48

157 170 378 223 scriberet,
424 169 526 210 satis
567 170 832 220 probabiliter
863 172 1110 223 significavit
1142 170 1445 224 Bergkius²⁰⁷):
1477 181 1586 223 quae
1618 180 1738 224 praes

154 245 270 279 terea
301 239 471 290 protulit
502 238 675 289 iudicia,
711 251 761 279 ea
794 241 854 280 vel
888 241 1078 281 liberiore
1110 243 1149 281 in
1184 241 1389 291 colloquio
1420 244 1644 283 amicorum
1672 244 1738 283 vel

156 313 372 361 poetarum
404 309 447 348 in
478 308 656 362 collegio
689 309 801 351 edita
832 321 930 350 esse
961 312 1038 362 ipsi
1072 312 1362 363 exposuimus.

270 378 352 419 Sed
383 379 493 418 haee
519 378 734 434 hactenus.
798 380 1025 421 Contentus
1058 392 1149 429 ero,
1206 383 1397 432 quamvis
1429 383 1558 423 multa
1588 384 1739 434 imper·

153 449 259 490 fecta
293 450 444 499 sciam,
496 448 619 489 modo
663 450 872 489 nonnullis
911 451 1097 501 partibus
1140 451 1357 492 clariorem
1387 452 1524 493 lucem
1568 452 1736 493 allatam

158 531 254 560 esse
287 531 312 560 a
343 520 442 559 viris
472 518 619 559 horum
654 519 884 560 studiorum
917 521 1060 571 peritis
1092 521 1308 562 iudicetur.
1370 521 1451 573 Ipsi
1474 525 1616 563 autem
1638 520 1738 562 mihi

155 591 308 642 duplex
339 590 584 641 relinquitur
612 591 851 642 negotium:
902 592 1078 642 primum
1118 596 1163 632 ut
1193 594 1390 633 continuo
1422 593 1558 634 studio
1589 594 1629 632 in
1662 591 1738 633 So-

153 661 316 714 phoclis
348 665 480 702 artem
511 662 751 712 inquirens,
784 671 888 711 quas
920 662 961 701 in
993 666 1132 713 partes
1168 662 1319 704 cadant
1350 664 1421 704 illa
1454 664 1625 713 iudicia,
1668 675 1738 704 ac·-

155 732 338 783 curatius
370 732 495 771 etiam
515 731 761 781 explanem3
803 731 954 772 deinde
977 732 1137 782 utquid
1170 732 1220 771 de
1251 732 1459 783 Sophocle
1491 734 1556 772 vel
1582 743 1739 783 aequa-

151 802 214 842 les
244 801 310 842 alii
343 801 409 842 vel
440 800 654 852 aliquanto
685 795 940 852 posteriores
971 802 1246 842 iudicaverint
1286 803 1464 854 amplius
1495 813 1737 855 persequar.

151 871 240 912 Hoc
271 873 380 912 enim
425 871 489 911 vel
529 872 898 922 persuasissimum
939 872 1037 911 mihi
1069 872 1235 919 habeo,
1280 884 1361 913 non
1394 873 1529 914 solum
1562 873 1614 914 ad
1645 873 1737 914 uni-

152 942 338 984 versales
370 942 554 984 rationes
585 946 627 983 et
647 941 987 993 philosophorum
1020 943 1172 993 placita
1205 946 1351 993 poetas
1383 943 1598 984 diiudicari
1617 955 1737 994 opor-

151 1016 263 1063 tere,
315 1023 437 1063 quem
477 1014 689 1064 proprium
730 1014 806 1052 sibi
849 1024 1042 1063 campum
1085 1013 1229 1065 deligit
1260 1012 1515 1061 Schoellius‚
1567 1013 1644 1053 sed
1681 1014 1735 1053 ad

150 1086 382 1134 temporum
402 1086 444 1123 et
462 1083 709 1134 populorum
734 1083 928 1136 ingenia,
961 1083 1013 1123 ad
1040 1084 1270 1123 studiorum
1301 1084 1483 1124 rationes
1516 1087 1557 1124 et
1587 1084 1735 1124 artium

152 1152 460 1194 vicissitudines
501 1163 576 1192 eos
615 1153 757 1193 referri
799 1153 965 1193 debere.
1050 1153 1165 1202 Quae
1197 1155 1263 1193 via
1294 1165 1386 1194 cum
1417 1154 1458 1192 in
1490 1152 1736 1193 enarrandis

149 1224 297 1265 litteris
329 1224 511 1274 antiquis
544 1223 715 1264 felleiter
746 1227 950 1273 teneatur,
983 1223 1069 1264 fore
1102 1235 1224 1274 spero
1255 1227 1302 1264 ut
1331 1225 1582 1264 recentiores
1612 1224 1735 1264 etiam

151 1294 257 1335 alter
287 1294 438 1345 aliquis
470 1293 714 1346 Lessingius
748 1295 893 1334 liberet
924 1305 950 1334 a
981 1295 1101 1335 turba
1132 1295 1345 1334 doctorum
1391 1295 1734 1344 indoctorumque

151 1365 391 1412 hominum,
440 1365 509 1415 qui
538 1375 613 1415 pro
645 1366 814 1405 arbitrio
847 1365 923 1405 sibi
951 1368 1120 1405 sumunt
1161 1369 1207 1405 ut
1243 1364 1352 1405 bella
1384 1376 1435 1405 ac
1474 1364 1602 1404 nitida
1633 1375 1735 1414 opu-

151 1435 271 1476 scula
304 1434 356 1474 de
387 1434 532 1474 litteris
572 1446 623 1475 ac
653 1436 856 1486 poematis
890 1436 1120 1485 composita
1151 1435 1406 1485 nostratibus
1447 1435 1636 1484 quamvis
1672 1435 1735 1473 in-

149 1507 243 1546 vitis
274 1504 510 1545 obtrudant.
572 1504 744 1545 Rectam
770 1506 879 1544 viam
913 1505 1079 1556 gaudeo
1111 1504 1220 1554 quod
1253 1505 1397 1554 paucis
1429 1504 1581 1544 abhinc
1613 1504 1733 1544 annis

148 1575 397 1617 monstravit
435 1574 697 1629 LoebelliuS‚
739 1575 857 1615 cuius
891 1576 930 1614 in
964 1575 1205 1616 auctoritate
1238 1574 1450 1615 laudanda
1482 1574 1631 1615 lubens
1661 1574 1734 1613 de-

150 1648 256 1687 sino.
297 1637 390 1699 'Sic
421 1648 562 1684 autem
595 1644 771 1685 iudicat:

263 1714 735 1767 „Auseinandergehen
771 1715 938 1755 werden
969 1715 1035 1754 die
1057 1714 1235 1754 Urtheile
1259 1716 1301 1754 in
1324 1714 1528 1754 manchen
1549 1713 1733 1754 Stiicken

148 1788 318 1835 immer3
379 1797 428 1825 zu
479 1784 591 1825 ihrer
640 1785 930 1837 Anniiherung
977 1786 1018 1824 in
1069 1784 1148 1824 den
1200 1785 1537 1825 wesentlichsten
1583 1785 1638 1823 ist
1667 1783 1733 1823 die

148 1850 400 1898 historische
441 1854 569 1896 Kritik
620 1855 714 1895 weit
756 1854 986 1907 tauglicher
1027 1854 1088 1895 als
1122 1854 1187 1894 die
1219 1854 1309 1894 blos
1342 1852 1618 1903 asthetische,
1668 1851 1733 1892 die

148 1938 230 1968 von
264 1927 345 1968 den
379 1925 671 1967 Gruudsiitzen
704 1926 777 1966 der
817 1925 1188 1977 pbilosophischen
1221 1924 1434 1978 Systeme‚
1485 1936 1563 1966 aus
1595 1924 1733 1964 denen
1789 1930 1797 1937 ·

148 1998 209 2038 sie
240 1997 486 2050 hergeleitet
518 1996 640 2048 wird‚
690 1996 808 2038 mehr
847 1996 947 2037 oder
979 1997 1164 2048 weniger
1194 1995 1426 2049 abhangig‚
1486 1996 1556 2035 mit
1586 1994 1730 2035 diesen

148 2068 243 2109 dem
288 2067 482 2108 Wechsel
522 2067 801 2107 unterworfen
840 2068 943 2106 ist.“
1017 2065 1351 2117 (Entwickelung
1391 2066 1466 2105 der
1497 2064 1727 2105 deutschen

146 2137 290 2179 Poesie
323 2149 404 2179 von
436 2136 662 2189 Klopstock
695 2138 757 2178 bis
791 2135 946 2185 Gothis,
980 2136 1100 2178 1856.
1133 2135 1160 2176 Ι.
1194 2148 1233 2187 p.
1264 2133 1354 2175 Xlll
1386 2136 1442 2191 s.)

243 2313 326 2357 107)
353 2313 527 2358 Bergkius
554 2314 578 2348 l.
604 2313 627 2349 l.
654 2323 688 2357 p.
717 2313 832 2349 XXV.
