1843 3058
174 60 238 115 38

171 186 346 228 restabit
376 186 458 228 nisi
488 191 535 228 ut
563 186 706 228 vitium
740 187 853 239 quod
895 186 1096 229 orationis
1138 187 1299 230 lenitati
1341 188 1591 232 contrarium
1634 188 1688 231 sit
1717 193 1759 233 et

169 259 308 309 ipsum
338 258 380 298 in
413 258 604 299 oratione
634 259 817 309 positum
850 271 949 301 esse
992 250 1266 301 arbitremur?
1335 259 1405 300 Sic
1432 262 1615 312 paullum
1645 264 1759 302 certe

172 341 198 371 a
226 329 353 370 fratre
382 328 553 370 recedit.
1662 378 1666 381 ,

290 400 375 441 Iam
407 399 646 450 dispicitur,
697 400 818 442 facile
850 399 1238 450 interpretationem
1267 399 1442 450 proferri
1468 411 1577 452 quae
1605 412 1681 452 per
1711 414 1760 443 se

171 469 398 510 tolerabilis
440 470 652 516 videatur,
695 470 961 511 difficultates
1004 474 1146 511 autem
1189 480 1312 521 quam
1354 470 1553 514 maximas
1594 471 1761 520 oboriri,

173 540 209 581 si
241 539 334 591 quis
365 541 419 581 ad
449 540 562 581 hunc
593 541 771 592 gradum
803 540 902 582 artis
935 540 1148 591 aliquanto
1188 539 1487 590 provectioris,
1527 552 1651 593 quam
1680 551 1760 582 suo

173 610 352 660 quisque
384 609 551 651 arbitrio
587 609 908 655 circumscribit,
954 609 1144 661 singulas
1177 608 1397 659 Sophoclis
1427 611 1668 663 tragoedias
1697 622 1760 652 re-

173 691 326 721 vocare
357 684 544 721 conetur.
613 680 744 731 quue
775 679 887 721 haud
920 678 1008 720 scio
1050 690 1103 719 an
1136 678 1262 720 etiam
1301 679 1353 720 iis
1385 692 1468 721 usu
1498 680 1659 723 venerit
1691 680 1762 732 qui

175 748 412 800 nuperrime
442 750 496 790 de
521 749 601 791 hac
619 761 665 791 re
687 753 987 791 tractaverunt:
1023 750 1137 789 viros
1156 749 1462 791 illustrissimos
1483 749 1576 791 dico
1599 750 1760 791 Bern-

175 819 434 871 hardyum
475 824 517 862 et
557 818 858 871 Bergkium.
938 818 1098 868 Quodsi
1137 819 1196 860 illi
1244 818 1322 860 viri
1369 818 1596 861 litterarum
1635 819 1761 862 Grae-

175 902 317 931 carum
358 889 621 941 peritissimi,
675 902 850 941 quorum
890 890 944 931 ad
983 889 1217 930 sententias
1267 893 1365 939 apte
1403 901 1634 940 perpensas
1674 890 1761 941 qui-

176 971 342 1011 cunque
372 960 415 1000 in
446 959 512 1001 liis
541 959 693 1001 studiis
727 963 945 1001 versantur
976 961 1251 1001 observanter
1282 957 1526 1010 attendunt,
1557 971 1645 1001 rem
1675 971 1760 1001 non

175 1034 226 1073 ab
266 1031 458 1073 omnibus
499 1031 686 1081 partibus
728 1032 1078 1081 explanaverunt,
1133 1042 1216 1071 non
1269 1031 1464 1081 equidem
1510 1030 1763 1079 diiudicabo‚

175 1113 318 1142 verum
360 1100 592 1152 significem
633 1100 732 1152 quid
771 1101 814 1141 in
854 1105 1029 1152 utraque
1070 1100 1281 1142 sententia
1320 1100 1456 1141 minus
1496 1099 1760 1152 perspicuum

113 1216 116 1218 ,
175 1171 274 1213 mihi
305 1171 475 1222 quidem
505 1171 646 1212 adhuc
675 1171 880 1214 videatur,
964 1163 968 1167 ⁴

292 1241 571 1285 Consentiunt
602 1246 742 1282 autem
773 1240 858 1280 Viri
887 1239 1184 1287 illustrissimi,
1217 1240 1329 1291 quod
1358 1228 1623 1292 κατασκεὺῆν
1651 1244 1760 1281 uter-

177 1322 258 1361 que
290 1322 373 1350 non
406 1311 458 1351 ad
491 1309 740 1351 structuram
772 1310 1000 1357 orationis,
1044 1310 1120 1350 sed
1154 1310 1207 1350 ad
1239 1313 1367 1350 totius
1398 1309 1564 1365 fabulae
1595 1320 1760 1359 compo-

177 1380 372 1422 sitionem
403 1381 549 1422 refert:
588 1380 715 1432 idque
748 1380 914 1422 reiectis
945 1380 1129 1431 priorum
1163 1379 1371 1421 erroribus
1402 1379 1526 1421 facile
1552 1381 1761 1431 probatur.

174 1451 257 1491 Iam
303 1463 399 1492 vero
441 1451 822 1502 Bernhardyus
869 1450 1046 1500 primum
1095 1447 1144 1492 τὸ
1186 1447 1346 1504 πικρὸν
1391 1451 1466 1492 καὶ
1504 1447 1764 1505 κατάτεχνον

176 1522 249 1573 τῆς
289 1519 352 1563 αὖ
369 1522 464 1564 τοῦ
503 1520 767 1574 κατασκευῆς
807 1521 918 1574 quod
959 1519 1080 1573 legit:
1122 1519 1191 1568 id,
1233 1519 1313 1562 etsi
1353 1516 1486 1564 αῧτοῦ
1522 1518 1622 1563 eius
1652 1519 1762 1562 attri-

181 1594 320 1634 butive
350 1593 536 1643 positum
566 1595 705 1644 paullo
737 1592 990 1633 insolentius
1024 1592 1194 1639 dicitur,
1229 1596 1366 1632 tamen
1406 1604 1489 1632 non
1516 1592 1761 1633 destitutum

177 1668 241 1704 est
281 1663 484 1714 exemplis
537 1663 786 1713 scriptorum
826 1661 897 1714 qui
936 1674 1059 1703 usum
1110 1661 1189 1702 sibi
1235 1660 1471 1703 liberiorem
1520 1661 1761 1714 indulgent3

142 1732 331 1787 {deinde
374 1732 552 1782 explicat
600 1732 912 1782 apparationem
959 1732 1070 1771 illam
1113 1731 1589 1791 fffews‘ihfflffiPKss-'Rissiflffl2
1638 1742 1761 1782 quam

881 1781 1096 1793 “Qum-aevvm
1142 1782 1160 1791 vt:
1197 1784 1201 1787 -
1233 1783 1256 1789 ⁴-

145 1789 407 1870 {Sophocles
439 1802 675 1850 sustulerit,
718 1802 897 1853 positam
938 1800 1071 1842 fuisse
1110 1800 1151 1841 in
1194 1811 1353 1853 genere
1395 1800 1600 1842 amariore
1638 1805 1764 1854 atque

1252 1853 1470 1868 wewam-w
1475 1855 1582 1865 vva-mma.-
1588 1856 1592 1859 -
1597 1852 1683 1865 >mm

147 1873 217 1928 {in
248 1873 530 1923 responsione
567 1872 795 1914 artificiosa
835 1878 876 1913 et
913 1871 955 1912 in
999 1873 1229 1913 fabularum
1261 1873 1444 1913 decursu
1472 1882 1673 1923 perquam
1702 1872 1762 1912 di-

144 1928 863 2003 {1·r?eici*“⁷‘'ffffdd“ssififdifi“ifiinore
904 1942 1046 1983 statim
1086 1944 1136 1983 ab
1167 1941 1285 1983 initio
1319 1942 1484 1983 sublato
1525 1941 1631 1983 haec
1662 1952 1762 1993 quo-

179 2024 258 2063 que
300 2012 472 2052 artificia
513 2012 758 2052 molestiora
795 2012 837 2051 in
880 2011 984 2062 ipsis
1024 2011 1336 2062 postprincipiis
1368 2010 1469 2051 artis
1501 2023 1526 2051 a
1554 2010 1763 2061 Sophocle

177 2081 321 2122 relicta
352 2093 451 2122 esse
484 2081 719 2127 existimat,
752 2083 835 2122 iam
866 2081 936 2122 ubi
968 2080 1220 2133 peculiarem
1251 2080 1359 2121 hanc
1380 2079 1481 2121 artis
1501 2080 1764 2133 Aeschyleae

179 2152 364 2193 indolem
396 2151 663 2193 lineamentis
696 2151 942 2203 quibusdam
970 2150 1243 2198 adumbravit,
1276 2162 1451 2191 munere
1481 2162 1560 2191 suo
1593 2150 1762 2192 omnino

174 2222 417 2272 perfunctus
478 2228 555 2264 est.
665 2222 806 2274 Neque
873 2221 984 2263 enim
1054 2226 1223 2263 coactus
1286 2226 1351 2262 est
1417 2220 1586 2271 propria
1641 2221 1764 2263 ratio-

151 2292 399 2333 ·cinationis
442 2304 545 2334 suae
588 2293 866 2343 necessitate,
907 2297 953 2334 ut
986 2292 1164 2345 vestigia
1194 2291 1305 2332 illius
1337 2291 1490 2341 moris,
1535 2302 1666 2343 quem·
1689 2291 1764 2333 So·

175 2363 367 2414 phoclem
409 2362 616 2404 abiecisse
656 2363 775 2412 dicit,
824 2363 1019 2414 amplius*
1043 2375 1117 2414 per
1159 2362 1249 2404 eius
1297 2362 1538 2415 tragoedias
1578 2362 1762 2415 indaget.

175 2434 289 2473 Ultro
321 2433 448 2485 igitur
481 2433 575 2473 facit
606 2439 649 2473 ut
682 2438 895 2473 austerum
938 2434 1150 2483 quoddam
1173 2434 1237 2474 de
1269 2435 1393 2473 rebus
1426 2432 1618 2473 humanis
1658 2431 1763 2473 iudi-

175 2504 282 2543 cium
313 2503 492 2553 proponi
525 2502 733 2553 significet
762 2503 802 2543 in
837 2502 997 2553 Oedipo
1029 2502 1166 2555 Rege,
1200 2514 1307 2555 quae
1338 2503 1476 2544 fabula
1506 2501 1629 2544 etiam
1663 2502 1764 2543 citra

177 2574 476 2623 postprincipia
507 2573 607 2613 artis
634 2573 933 2628 collacatur⁹⁰).
993 2574 1137 2625 Itaque
1179 2573 1318 2614 omnia
1359 2573 1441 2614 iam
1474 2573 1629 2623 optime
1667 2585 1764 2613 con-

182 2644 393 2690 venirent,
427 2645 553 2684 modo
585 2643 870 2694 persuasisset
902 2644 1022 2685 nobis
1057 2644 1126 2683 Vir
1154 2643 1348 2684 Summus
1375 2644 1428 2683 de
1458 2642 1764 2694 significatione

268 2804 330 2848 90)
364 2806 386 2841 l.
414 2806 435 2839 1.
472 2817 507 2850 p.
534 2808 617 2842 304.
645 2808 733 2842 305:
779 2807 889 2849 „eine
916 2807 1045 2850 sprtide
1089 2805 1437 2850 Weltanscliauung,
1490 2805 1556 2839 wie
1591 2809 1683 2839 etwa
1717 2806 1764 2839 im

176 2864 262 2899 Oed.
288 2865 317 2898 R
333 2864 355 2882 “

1563 2985 1578 3007 l
