1843 3058
1636 94 1699 143 33

126 228 288 280 potuit:
320 236 514 275 „nunc3
559 224 714 272 jetzt,
767 222 1067 263 nuninehr.“
1159 220 1307 262 Eidem
1347 232 1471 272 porro
1512 221 1701 272 tempori,

129 309 212 349 quo
250 294 482 344 Sophocles
521 291 622 330 illud
662 291 911 332 vociferatus
962 296 1048 338 est,
1101 291 1294 331 convenit
1339 302 1546 340 praesens
1588 292 1700 340 quod

124 367 277 419 legitur
306 357 645 418 μεταβάλλειν,
677 361 791 413 quod
821 373 847 402 a
875 365 1001 412 poeta
1031 359 1241 411 aliquanto
1271 365 1368 411 post
1400 359 1566 401 dicente
1589 358 1700 401 haud

126 436 247 479 facile
285 434 443 476 referas
489 432 542 473 ad
589 430 700 471 illam
746 435 948 478 aetatem,
996 442 1085 470 cum
1126 430 1354 481 Sophocles
1396 429 1560 470 iuvenis
1600 430 1700 477 fere,

128 507 320 559 neglecto
354 502 552 555 Aeschyli
582 506 766 549 tumore,
799 501 1003 542 moratum
1035 501 1242 550 extemplo
1273 512 1407 552 genus
1438 499 1587 541 dicitur
1615 512 1701 541 inu-

126 576 285 619 tavisse
305 575 371 629 ⁷⁷).
429 571 622 622 Denique
654 582 754 611 vero
795 583 881 610 uno
922 575 1168 621 argumento
1208 570 1329 609 facile
1360 575 1447 610 tota
1476 582 1544 609 res
1576 570 1703 610 confi-

130 646 261 693 citur,
303 643 413 695 quod
447 641 555 683 sicut
594 653 619 683 a
648 640 865 683 Plutarcho
905 639 1143 691 philosophi
1183 651 1207 680 a
1224 650 1569 704 panegyucis
1539 645 1590 691 et
1589 640 1709 698 arm&

669 695 826 706 *wau-„w
973 696 1143 710 »sraQw-
1166 699 1170 702 -

127 714 402 756 ficiosioribus
435 711 691 752 orationibus
720 709 1315 774 6ᾱ1311111111111ξ8111111115111111111111115118
1287 709 1705 770 (11666111116011586-

128 791 298 825 166811111
326 788 392 824 651
422 794 518 823 611111
544 782 671 822 modo
702 762 872 832 paod'etain
905 785 1001 831 apte
1036 792 1128 820 cum
1159 779 1240 819 illis
1265 762 1449 820 conferri
1469 779 1538 831 qui
1556 780 1705 830 etipse

128 856 178 895 ab
211 854 339 894 altero
372 863 531 904 genere
561 853 614 893 ad
656 854 829 894 alterum
862 850 1117 901 processerit
1138 849 1202 903 ⁷⁸).

245 923 328 963 Iam
361 934 461 963 vero
494 922 663 970 horum,
697 922 767 974 qui
785 922 922 972 ipsum
944 920 1193 971 Sophoclem
1223 919 1474 971 aliquamdiu
1500 924 1705 960 retentum

133 1003 230 1033 esse
263 997 438 1033 censent
470 993 613 1033 studio
642 993 824 1044 quodam
854 990 1041 1032 tumidae
1077 1002 1127 1030 66
1164 1001 1389 1040 perversae
1430 988 1554 1035 artis,
1602 989 1706 1029 alius

127 1062 248 1103 aliam
283 1062 391 1103 viam
422 1062 601 1106 instituit
640 1074 722 1114 qua
744 1063 901 1102 locum
943 1060 1151 1110 expediat.
1211 1061 1270 1100 Ac
1309 1059 1484 1110 primuni
1524 1058 1705 1110 quidem,

131 1137 297 1173 retenta
325 1132 506 1173 lectione
535 1131 734 1173 librorum
765 1127 1112 1183 διαπεπαιχώς,
1154 1129 1341 1171 Muelleri
1370 1128 1590 1170 Eduardus
1620 1129 1707 1180 qui-

128 1201 421 1252 que.frateruo
463 1200 601 1241 auimo
647 1213 740 1241 cum
781 1212 831 1241 80
873 1201 1082 1242 consentit
1113 1199 1347 1240 Odofredus
1366 1199 1414 1251 ⁷⁹)
1453 1199 1706 1251 singularem

126 1271 344 1321 proferunt
374 1270 764 1321 interpretationem
798 1272 986 1312 vocabuli
1017 1268 1307 1319 διαπαίζειν,
1350 1271 1461 1320 quod
1493 1269 1547 1310 sit
1586 1266 1707 1310 luda·-

128 1351 209 1382 θνα
248 1337 380 1398 quasi
418 1352 473 1382 ac
506 1338 708 1395 puerilia
747 1352 932 1383 exuere.
1024 1342 1076 1382 At
1116 1352 1215 1381 vero
1257 1352 1348 1380 cuin
1386 1339 1507 1380 facile
1543 1339 1706 1380 intelle-

128 1415 271 1463 gatur,
319 1410 418 1462 quid
450 1410 503 1451 sit
533 1410 716 1452 Platonis
749 1412 858 1462 quod
891 1411 969 1453 sibi
998 1410 1291 1462 praemuniunt
1330 1405 1501 1451 παιδιὰ
1540 1407 1706 1452 διαπε-

129 1482 364 1536 παισμένη
381 1480 433 1536 ⁸⁰)
474 1503 532 1512 —
572 1483 791 1523 verborum
830 1481 941 1523 enim
982 1493 1089 1532 quae
1142 1493 1192 1522 ex
1234 1480 1384 1520 eadem
1431 1479 1571 1521 radice
1609 1492 1706 1530 pro-

128 1555 268 1592 creata
294 1555 394 1591 sunt
424 1552 599 1592 alterum
629 1553 759 1593 altero
793 1547 1021 1602 explicatur
1050 1566 1129 1590 -z
1161 1550 1275 1591 haud
1299 1550 1421 1591 facile
1439 1551 1552 1592 idem
1570 1556 1704 1592 trans-

125 1618 256 1661 fenur
287 1621 532 1661 vocabulum
561 1617 829 1670 διαπαίζειν
868 1622 920 1661 ad
954 1617 1107 1672 ὄγκοςς
1154 1631 1232 1660 686
1271 1620 1308 1659 51
1346 1621 1455 1660 sorte
1493 1621 1707 1660 transferri

124 1688 331 1737 patiantur
361 1690 637 1741 grammatici,
671 1702 824 1731 sensus
856 1690 1025 1730 omnino
1057 1694 1178 1740 aptus
1197 1688 1396 1739 proditur.
1439 1688 1545 1737 Quid
1564 1687 1705 1729 enim?

195 1870 198 1873 ⁴
220 1875 281 1919 77)
307 1875 535 1911 Contenderit
560 1878 750 1920 quispiam,
777 1877 1010 1921 Sophoclem,
1036 1889 1115 1911 cum
1142 1878 1228 1911 illud
1255 1878 1528 1918 vociferaretur,
1554 1876 1621 1910 hoc
1646 1887 1706 1920 ge·

128 1941 218 1974 nus,
244 1933 337 1975 quod
363 1934 542 1976 quondam
569 1936 781 1976 mutaverit,
810 1940 982 1970 mutatum
1010 1936 1115 1968 etiam
1144 1939 1227 1969 tunc
1251 1936 1418 1971 continuo
1444 1945 1611 1969 exercere
1636 1935 1703 1969 sibi

127 1990 250 2024 visum
270 2001 373 2036 esset,
412 2002 503 2034 quae
529 1997 646 2027 autem
671 1992 753 2025 inde
780 1994 823 2027 ab
849 1993 968 2034 initio,
1003 1994 1096 2036 quod
1128 1987 1246 2038 ipsum
1272 1995 1306 2027 in
1332 1995 1522 2038 praeterito
1551 1999 1705 2038 tempore

128 2048 284 2093 positum
309 2048 439 2090 fuerit,
466 2042 640 2085 *continuo
667 2056 922 2095 exerceantur,
960 2052 1136 2095 praesenti
1162 2052 1275 2086 forma
1309 2052 1379 2086 dici
1413 2051 1474 2095 (cf.
1501 2051 1705 2095 Bernhardy

127 2107 227 2152 Ssut.
250 2118 286 2152 p.
315 2109 394 2145 370.
421 2110 561 2154 Krtiger
584 2109 609 2146 l.
634 2122 665 2144 6.
703 2109 739 2154 §-
758 2110 818 2154 53,
847 2113 877 2145 1.
906 2122 936 2146 6.
964 2110 1082 2154 nott).
1147 2113 1274 2146 Verum
1311 2112 1506 2146 cavendum
1541 2116 1613 2152 est,
1649 2121 1703 2151 ne,

126 2176 195 2200 non
231 2172 380 2211 cogente
406 2178 467 2209 re,
509 2169 601 2202 ultra
626 2169 715 2202 fines
745 2170 837 2203 intra
865 2180 954 2212 quos
983 2171 1075 2213 apud
1103 2171 1254 2214 optimos
1288 2171 1477 2214 scriptores
1510 2170 1707 2204 continetur

126 2224 242 2259 locum
267 2224 349 2259 huic
373 2227 500 2259 rationi
525 2232 734 2266 statuamus,
799 2227 920 2271 Neque
947 2239 1030 2262 vero
1056 2228 1217 2262 infinitivi
1242 2238 1413 2273 praesens
1438 2233 1578 2272 tempus
1612 2227 1704 2270 quod

125 2284 256 2327 pendet
281 2295 301 2318 6
325 2285 442 2319 verbis
468 2286 675 2329 subjectivis
703 2285 848 2329 (Bernli.
864 2287 898 2333 .¹·
925 2299 956 2321 6.
980 2287 1048 2323 365
1067 2298 1097 2321 s.
1123 2286 1206 2330 370)
1245 2287 1316 2321 ullo
1352 2287 1456 2321 modo
1482 2291 1601 2330 potest
1625 2296 1706 2320 con-

124 2341 233 2376 tendi.
273 2341 426 2376 Primum
453 2343 547 2376 enim
572 2348 701 2388 aptum
729 2345 773 2378 ab
800 2345 973 2379 eiusmodi
1000 2346 1117 2379 verbis
1142 2355 1310 2389 praesens
1336 2346 1476 2389 ponitur
1499 2355 1563 2389 pro
1587 2345 1704 2378 futuro

123 2399 164 2443 (l.
191 2411 221 2434 ο.
247 2409 283 2444 p.
303 2400 375 2435 370
391 2401 526 2444 extu),
575 2412 643 2436 non
671 2412 736 2446 pro
769 2403 937 2447 perfecto.
1015 2403 1146 2437 Deinde
1178 2414 1260 2437 vero
1299 2403 1414 2448 ipsum
1448 2402 1533 2436 illud
1568 2400 1704 2447 λέγειν,

124 2458 194 2491 nisi
216 2458 308 2493 forte
332 2463 465 2493 morato
491 2460 640 2500 dicitur,
672 2470 716 2492 ne
749 2465 804 2494 est
838 2461 980 2503 quidem
1005 2462 1147 2495 verbum
1181 2462 1429 2495 subiectivum.
1498 2461 1623 2502 ltaque
1648 2470 1705 2493 co-

124 2515 261 2563 gimur,
294 2518 458 2561 quoniam
484 2517 625 2561 quidem
651 2518 781 2564 legitur
812 2529 981 2565 praesens
1015 2524 1174 2564 tempus,
1209 2519 1350 2553 omnino
1374 2519 1506 2552 referre
1529 2517 1617 2552 illud
1642 2516 1705 2551 So-

124 2575 264 2617 phoclis
288 2576 335 2609 ad
361 2586 439 2609 6616
464 2582 614 2620 aetatem
629 2601 639 2619 ‚
666 2588 793 2619 quum,
818 2588 941 2612 recens
969 2582 1256 2623 mutatolgenere
1281 2578 1392 2618 artis,
1415 2577 1453 2611 id
1480 2577 1574 2619 quod
1600 2577 1704 2612 modo

124 2633 334 2675 perfecisset
359 2634 541 2677 professus
567 2640 631 2670 est.

220 2702 279 2746 78)
308 2701 366 2739 Cf?
385 2704 447 2738 Ed.
475 2704 661 2739 Muellerus
681 2705 703 2740 Ι.
719 2705 782 2746 Ι.Ῑ,
807 2715 844 2748 p.
863 2705 953 2739 223:
982 2705 1082 2738 euius
1109 2715 1188 2739 eum
1216 2706 1415 2739 universum
1441 2706 1625 2740 consilium
1652 2715 1707 2738 se·

125 2766 227 2795 cutus
253 2763 342 2805 sim,
370 2764 536 2798 nonnulla
562 2769 678 2798 tamen
704 2764 805 2798 aliter
830 2764 987 2798 curanda
1011 2769 1123 2800 erant.

218 2830 278 2872 79)
307 2833 507 2868 Odofredus
532 2834 609 2868 loco
636 2845 739 2876 quem
766 2834 904 2868 laudavi
933 2835 974 2868 Il.
1007 2835 1069 2869 116
1095 2840 1168 2870 not.
1202 2834 1386 2869 Eduardns
1412 2836 1434 2869 l.
1455 2836 1478 2869 l.
1505 2835 1532 2868 1.
1560 2837 1639 2869 224.

220 2889 282 2932 80)
308 2891 395 2925 Plat.
426 2892 535 2937 Legg.
557 2893 619 2937 VI,
645 2892 715 2927 769
726 2896 768 2928 Α.

1397 2953 1419 2991 3

1747 712 1814 730 5..ιῇ

1756 731 1806 742 ἕνα

1759 744 1762 745 ’
1783 740 1797 760 Ι
