1843 3058
1603 75 1611 79 -
1635 41 1664 89 '1

88 173 178 215 sint·
197 174 247 214 ab
275 171 369 221 ipso
400 179 453 208 ea
484 175 592 217 quae
624 169 740 205 recte
773 164 954 205 habeant
967 163 1029 217 ¹⁴).
1089 165 1233 217 Itaque
1250 164 1486 216 Sophocleo
1512 164 1667 205 iudicio

90 253 235 287 vereor
274 243 321 281 ut
356 235 565 279 infelicius
607 233 829 286 quisquam
867 245 973 274 usus
1015 234 1069 275 sit
1097 234 1410 288 Lessingio‚
1452 234 1522 285 qui
1556 234 1669 275 hanc

90 322 235 354 vocem
265 308 389 349 nimis
420 307 474 348 ad
505 307 678 347 verbum
709 303 1007 354 interpretatus
1050 317 1218 345 causam
1259 317 1356 346 esse
1387 305 1564 346 voluerit
1594 317 1667 345 cur

91 386 218 436 neget
249 390 398 421 verum
429 388 530 422 esse
559 375 672 426 quod
703 372 886 425 Scriptor
910 375 1031 417 Vitae
1051 374 1310 426 Sophocleae
1339 375 1525 417 tradidit:
1557 370 1658 429 παρ’

88 442 903 557 AQQ
928 447 1139 496 quomodo
1171 457 1280 486 emm
1310 447 1453 489 doceri
1476 450 1667 496 potuisse

88 522 347 574 tragoediam
388 530 414 558 a
481 527 533 556 eo
569 514 640 565 qui
677 514 771 565 ipse
809 526 889 555 nec
934 514 1125 556 didicerit
1167 527 1244 557 nec
1285 514 1550 569 noverit?¹⁵).
1614 516 1666 556 At

86 590 208 633 facile
250 584 556 637 deprehendis,
605 584 870 636 Lessingium
915 584 977 625 sic
1019 585 1127 626 ultra
1165 586 1335 626 modum
1382 596 1666 637 exaggerasse

85 659 320 707 utriusque·
344 654 426 696 loci
466 654 575 703 vim,
615 658 662 695 ut
701 666 939 706 repugnare
979 659 1183 707 cogantur
1223 668 1274 696 ea
1314 666 1423 706 quae
1462 659 1576 696 recte
1606 654 1666 694 in-

46 730 48 732 ’
89 726 291 779 telligenti
333 724 492 775 optime
534 724 804 766 conveniunt.
874 724 990 765 Hanc
1029 725 1140 765 enim
1177 724 1462 766 narrationem
1493 736 1518 765 a
1547 724 1667 765 Vitae

86 795 297 846 scriptore
336 794 530 836 traditam
571 793 652 835 etsi
691 793 948 835 recentiores
992 805 1158 845 quoque
1207 795 1394 835 nonnulli
1436 805 1572 845 paene
1612 795 1666 834 ad

87 866 226 907 vivum
257 868 555 910 resecuerunt,
586 868 725 905 tamen
757 864 814 906 ita
843 876 983 905 veram
1018 876 1115 905 esse
1143 865 1434 912 concedimus,
1466 870 1512 905 ut
1542 864 1664 910 etiam

85 940 252 987 praeter
291 945 565 986 progressum
594 934 709 975 illum
740 935 841 975 artis
880 939 1005 985 atque
1038 935 1334 976 necessitatem
1376 945 1483 985 quae
1515 939 1665 984 sponte

85 1004 373 1048 intercesserit
412 1004 519 1045 inter
557 1008 706 1054 poetas
747 1005 945 1055 aequales
985 1004 1120 1045 eidem
1162 1005 1373 1045 Musarum
1412 1003 1552 1045 studio
1592 1004 1665 1044 de-

84 1075 196 1116 ditos
238 1073 556 1115 familiaritatem
599 1074 804 1124 quandam
848 1073 1067 1135 Sophocli
1082 1085 1185 1134 cum
1208 1074 1438 1140 Aeschylo
1480 1084 1554 1123 per
1593 1073 1666 1113 ali-

87 1145 200 1195 quod
243 1148 357 1185 certe
398 1149 563 1194 tempus
607 1144 741 1184 fuisse
781 1149 1013 1185 statuamus
1062 1154 1237 1194 eamque
1268 1146 1319 1186 ab
1350 1143 1449 1185 artis
1483 1156 1564 1184 usu
1594 1142 1666 1182 mi-

88 1214 200 1256 nime
239 1214 437 1255 alienam.
489 1213 607 1254 cuius
646 1205 872 1265 imaginem
913 1213 1051 1264 lepide
1093 1219 1218 1265 atque
1264 1216 1419 1255 ulbane
1459 1213 1664 1264 depictam

87 1286 158 1327 Bel
121 1284 293 1339 erfflus
323 1280 744 1344 instituit-{Quem
777 1296 868 1325 cum
899 1284 941 1324 in
971 1284 1054 1325 illis
1089 1295 1196 1336 quae
1225 1285 1325 1325 inde
1357 1283 1535 1325 confecit
1552 1295 1665 1334 pror-

86 1366 159 1395 sus
208 1354 380 1404 assequi
430 1365 512 1393 non
564 1353 801 1404 possimus,
854 1353 896 1392 in
945 1354 1024 1394 hac
1070 1359 1187 1404 parte
1235 1354 1404 1394 omnino
1454 1352 1666 1403 sequimur

84 1427 309 1466 auctorem.

200 1504 286 1545 Iam
316 1515 416 1545 vero
452 1503 634 1544 acriores
675 1503 943 1553 interpretum
985 1504 1291 1554 disputationes
1335 1508 1452 1545 ortae
1484 1509 1582 1544 sunt
1612 1505 1666 1544 de

84 1575 260 1616 altera
291 1573 511 1624 Sophoclis
543 1585 668 1619 voce,
708 1585 832 1625 quam
874 1575 983 1624 apud
1017 1574 1284 1615 Aristotelem
1323 1575 1363 1614 le
1394 1573 1525 1613 imus:
1569 1567 1666 1615 οἷον

84 1645 158 1686 καὶ
187 1642 425 1700 Σοφοκλῆς
453 1642 558 1700 ἔφη,
603 1641 771 1693 mirac
806 1644 906 1699 μὲν
948 1642 1106 1693 οἵους
1136 1644 1225 1685 δεῖ
1257 1648 1462 1695 ποιεῖν,
1500 1640 1667 1698 Εἰρι-

85 1714 252 1766 nram
283 1710 327 1756 δ’
358 1709 484 1757 οἷοί
510 1712 729 1768 damst).
802 1714 854 1755 Ut
894 1713 1104 1755 mittamus
1146 1714 1182 1754 si
1219 1725 1328 1765 quae
1359 1719 1483 1755 antea
1513 1726 1539 1755 a
1567 1713 1682 1753 viris⁸

140 1873 141 1876 ’
179 1877 236 1920 14)
274 1866 365 1918 Quid
393 1877 438 1909 sit
464 1876 620 1910 medium
647 1876 734 1910 illud
761 1877 930 1910 scientiae
956 1881 1061 1919 atque
1087 1878 1316 1918 inscientiae,
1355 1876 1535 1921 praeclare
1560 1876 1666 1911 habe-

84 1945 160 1969 mus
197 1923 395 1980 expositum
420 1928 453 1968 *a
487 1934 684 1968 Platone
721 1934 844 1979 Symp.
872 1945 905 1978 p.
926 1936 1048 1969 202A.
1085 1931 1107 1976 ἢ
1140 1931 1209 1969 οὔκ
1241 1931 1408 1982 ᾔσθησαι
1442 1930 1498 1969 ὅτι
1530 1933 1607 1969 ἔστι
1633 1946 1667 1968 τι

81 1990 224 2039 pana&
255 1994 395 2039 σοφίας
427 1991 490 2027 καὶ
516 1989 707 2039 &potatam
756 1993 805 2026 Tc
826 1992 958 2036 τοῦτο;
993 1990 1044 2027 Τὸ
1071 1990 1171 2038 ὀρθὰ
1204 1991 1372 2036 δοξάζειν
1394 1992 1458 2028 καὶ
1483 1990 1574 2028 ἄνευ
1600 1993 1668 2027 τοῦ

83 2052 186 2098 ἔχων
200 2049 317 2098 λόγον
335 2051 468 2086 δοῦναι
493 2048 561 2085 οὔκ
576 2045 682 2086 οἶσθ’
709 2048 765 2085 ὅτι
787 2048 872 2086 οὔτε
890 2050 1125 2086 ἐπίστασθαί
1142 2050 1312 2096 ἔστης-
1333 2050 1418 2088 οὔτε
1436 2050 1589 2099 ἀμαθία
1599 2066 1665 2095 ‚·——

83 2110 162 2148 ἔστι
197 2107 235 2146 δὲ
270 2107 390 2157 δήπου
426 2109 601 2148 τοιοῦτον
633 2112 653 2153 ἡ
688 2107 783 2157 ὀρθὴ
815 2108 905 2153 δόξα
947 2108 1089 2157 μεταξὺ
1129 2109 1348 2157 φρονήσεως
1387 2109 1451 2146 καὶ
1483 2108 1665 2158 ἀμαθίας.

85 2170 217 2213 Quodsi
249 2170 348 2204 Plato
381 2170 535 2204 medium
568 2171 657 2204 illud
691 2171 891 2205 accuratius
926 2171 1183 2206 circumscribit
1218 2166 1286 2205 οὐκ
1318 2169 1568 2212 ἐπίστασθαι,
1605 2171 1667 2206 So·

85 2228 231 2273 phocles
258 2239 338 2262 cum
364 2227 573 2271 familiarius
599 2218 823 2271 loqueretur,
851 2229 1013 2272 neglecto
1039 2229 1178 2263 delectu
1198 2231 1385 2265 verborum
1404 2230 1507 2263 facile
1529 2235 1667 2274 poterat

85 2281 154 2321 οὐκ
178 2283 318 2321 εἰδέναι
343 2287 474 2320 dicere.
533 2286 597 2320 lna
626 2292 743 2321 autem
772 2297 862 2330 quae
888 2296 909 2320 ι
931 2287 1076 2321 Platone
1105 2284 1201 2332 ὄρθῆ
1226 2284 1316 2328 δόξα
1342 2288 1562 2332 nominatur,
1588 2289 1667 2333 ipsa

85 2349 139 2379 est
171 2345 282 2381 virtus
318 2345 513 2388 cademque
553 2344 777 2380 imbecillitas
811 2346 1057 2390 Aeschyli,
1100 2347 1161 2389 qui
1191 2344 1469 2391 ingenio-quusi
1499 2348 1666 2391 abreptus

85 2403 247 2448 poeticae
283 2404 370 2439 artis
402 2413 472 2438 non
517 2404 553 2437 in
587 2404 848 2448 cognitionem,
887 2415 1004 2438 verum
1039 2405 1071 2438 in
1108 2404 1357 2440 divinationem
1393 2415 1540 2447 eamque
1582 2415 1667 2439 sane

84 2461 302 2496 verissimam
322 2463 514 2498 ferebatur.
529 2480 575 2486 -
601 2461 689 2495 Hinc
714 2464 783 2496 iam
810 2462 1046 2506 intellegitur,
1074 2463 1388 2507 Schlegelium
1410 2462 1458 2507 (v.
1479 2474 1509 2499 ε.
1537 2474 1570 2497 ιι.
1592 2463 1666 2507 10),

84 2519 222 2562 eteiad
250 2521 396 2555 verbum
430 2522 681 2566 interpretatus
715 2521 780 2561 sit,
818 2521 932 2555 minus
966 2521 1152 2565 perspicue
1179 2526 1294 2555 tamen
1322 2521 1556 2565 explicuisse:
1589 2524 1665 2565 ‚,A.

84 2579 170 2620 thus
195 2578 288 2616 wohl
315 2579 379 2614 das
406 2579 564 2621 Rechte,
590 2579 673 2619 aber
699 2580 790 2613 ohne
816 2590 862 2613 es
888 2591 932 2614 zu
956 2580 1147 2626 wissen;“
1171 2580 1382 2614 luculentius
1408 2590 1491 2614 sane
1518 2581 1669 2615 debebat

85 2638 327 2683 interpretari:
354 2638 482 2681 „ohne
509 2649 552 2672 zu
578 2638 707 2672 wissen
734 2639 933 2673 warum“
959 2649 1023 2673 seu
1048 2639 1367 2683 „inwiesern.“

185 2710 244 2753 15)
277 2710 487 2754 Lessingius
510 2710 536 2745 Ι.’
556 2710 579 2743 Ι.
605 2720 641 2754 p.
665 2709 711 2744 48
737 2720 771 2745 n.
792 2711 828 2746 5.
928 2709 985 2754 16)
1022 2710 1196 2755 Bergkius
1220 2710 1243 2746 l.
1266 2710 1290 2744 l.
1312 2721 1346 2755 p.
1368 2710 1451 2744 XIV
1468 2721 1517 2744 ss.

182 2778 241 2822 17)
279 2780 426 2814 Aristot.
452 2784 549 2825 poet.
577 2791 608 2816 c,
630 2779 690 2824 25³,
713 2781 754 2814 11
791 2781 847 2815 ed.
874 2781 992 2818 Herm.
1018 2777 1114 2826 πρὸς
1138 2776 1177 2814 δὲ
1202 2777 1368 2824 τούτοις,
1408 2779 1477 2815 ἐὰν
1501 2780 1669 2827 ἐπιτιμᾶ-

86 2845 167 2881 ται,
194 2832 250 2870 ὅτι
275 2833 341 2871 οὐκ
368 2834 488 2881 ἀληθῆ
510 2849 517 2856 ·
539 2833 628 2872 ἀλλ’
656 2831 717 2872 οἶα
745 2837 803 2874 δεῖ
820 2847 827 2856 ·
855 2832 938 2873 οἷον
962 2836 1025 2873 καὶ
1050 2842 1094 2875 Σ.
1123 2837 1195 2885 ἔφη
1223 2838 1298 2876 κτλ.
1325 2835 1440 2886 ταύτῃ
1468 2839 1608 2874 λυτέον.
