1843 3058
1641 79 1704 129 43

135 220 263 259 untur
295 218 336 254 et
363 213 405 252 in
437 211 690 252 tetrametris
722 208 941 250 trochaicis
974 220 1038 247 vv.
1074 208 1183 249 1402
1215 218 1331 263 sqq,
1369 209 1410 247 in
1443 208 1594 258 quibus
1625 217 1707 245 non

137 286 217 326 nisi
248 281 578 333 quattuordecim
616 279 670 320 ad
711 279 887 330 simplex
927 289 1059 331 genus
1090 278 1344 326 referuntur,
1405 278 1584 317 sedecim
1617 286 1710 315 cum

139 353 335 408 proximis
384 352 571 392 versibus
620 333 867 397 cohaerent,
923 348 1161 399 quinque
1201 347 1468 399 tripartiti
1508 350 1605 386 sunt
1644 357 1710 385 vv.

139 424 237 466 754.
272 422 368 463 810.
402 423 499 462 814.
534 422 631 462 816.
668 420 793 470 1407,
834 430 971 459 unus
1003 420 1128 458 etiam
1168 419 1216 458 in
1248 422 1504 468 quattuor
1535 419 1711 467 partes

138 494 349 536 divisus
380 504 418 531 v.
452 492 550 533 753.
613 490 817 542 Agnoscis
850 500 954 530 sane
994 489 1062 540 qui
1102 488 1223 528 suerit
1256 486 1474 539 Sophoclis
1521 488 1563 527 in
1595 497 1711 527 exer-

138 563 270 606 cenda
299 562 489 602 libertate
519 570 786 613 progressus.
813 583 872 590 —
904 559 1115 599 Aiacem
1148 562 1286 599 autem
1321 562 1362 598 et
1393 557 1711 598 Trachinias

138 646 192 675 ne
220 634 263 673 in
294 632 376 672 hac
406 631 572 682 quidem
602 634 720 682 parte
761 630 815 669 ad
846 628 1022 670 eandem
1064 639 1249 669 normam
1290 629 1459 680 exigere
1497 628 1713 675 debemus,

138 701 342 753 siquidem
372 701 413 740 in
444 700 677 740 Trachiniis
710 699 877 740 omnino
909 699 1090 748 quinque
1122 699 1381 748 reperiuntur
1411 698 1603 747 exempla
1644 707 1713 736 sa-

136 774 191 814 tis
231 771 374 821 exilia,
427 780 537 821 quae
575 770 668 810 sine
706 769 792 809 ulla
822 773 1042 809 venustate
1082 769 1189 809 inter
1219 768 1478 808 sciscitantes
1510 777 1713 817 personas

136 847 178 883 et
207 841 513 893 respondentes
545 840 806 890 dividuntur,
851 840 978 880 veluti

282 932 327 974 V.
361 933 445 973 408
479 944 513 972 s.
922 955 976 961 --
1009 931 1146 986 λέγεις

341 1000 582 1045 δέσποιναν
613 996 724 1044 εἶναι
755 999 876 1054 τήνδε
906 999 1007 1054 σῆν;
1037 1001 1237 1043 —AIX
1270 999 1417 1065 diuae-a
1447 996 1543 1055 γάρ.

281 1072 329 1111 V.
367 1073 449 1114 417
483 1084 518 1114 s,

343 1139 416 1193 τῆν
445 1138 736 1196 αἰχμάλωτον,
767 1137 817 1193 ἣν
847 1138 1051 1196 ἔπεμψας
1082 1138 1126 1190 ἐς
1156 1137 1317 1195 δόμους

340 1209 565 1255 κάτοισθα
596 1206 770 1267 δήπου;
799 1235 856 1243 -a
895 1212 1019 1252 AIX.
1055 1213 1186 1267 φημί·
1221 1207 1337 1267 πρὸς
1368 1213 1411 1252 τί
1432 1204 1686 1265 δ”ἱστορεΐςς

139 1299 179 1336 et
209 1306 318 1346 quae
360 1307 422 1334 vv.
466 1294 547 1335 876
581 1305 638 1334 ss.
680 1295 873 1346 leguntur
912 1296 951 1334 in
985 1307 1034 1335 ea
1066 1298 1181 1345 parte
1228 1305 1310 1344 qua
1343 1295 1547 1334 canticum
1580 1294 1715 1333 chori-

139 1378 232 1406 cum
264 1377 358 1407 cum
391 1365 573 1406 carmine
603 1364 846 1405 commatico
873 1365 1156 1418 coniungitur3
1201 1365 1242 1405 in
1272 1364 1433 1405 Aiace
1464 1368 1600 1405 autem
1621 1368 1714 1404 octo

139 1437 401 1487 reperiuntur
439 1431 667 1488 ἄντιλαβαῑ
708 1445 866 1485 eaeque
908 1446 1052 1476 omnes
1091 1436 1177 1474 fere
1208 1436 1246 1473 in
1281 1439 1398 1485 parte
1429 1436 1586 1486 priore:
1632 1446 1713 1473 non

137 1507 247 1546 enim
277 1506 476 1558 leguntur
506 1508 602 1556 post
635 1515 802 1545 versum
834 1504 930 1546 985.
1628 1492 1630 1494 ¹

252 1610 345 1651 Jam
377 1620 475 1649 vero
509 1608 742 1656 Wilmsius,
776 1620 899 1659 quem
927 1610 1049 1651 modo
1084 1610 1275 1660 laudavi,
1309 1610 1430 1650 simili
1462 1611 1619 1649 ratione
1639 1609 1715 1649 So-

139 1680 328 1730 phoclem
359 1681 401 1718 in
434 1680 633 1719 varianda
664 1680 936 1729 responsione
966 1681 1191 1719 carminum
1220 1681 1555 1720 commaticorum
1587 1681 1716 1719 maio-

139 1761 224 1790 rem
258 1750 337 1790 sibi
367 1751 405 1789 in
439 1749 529 1790 dies
561 1750 827 1790 concessisse
858 1749 1066 1790 licentiam
1099 1749 1304 1800 ostendit,
1339 1762 1374 1801 p.
1412 1750 1549 1790 1—3.
1609 1748 1715 1790 Sim-

140 1820 363 1870 plicissima
394 1821 503 1860 enim
535 1824 575 1860 et
606 1820 762 1872 regulis
794 1821 847 1859 ab
881 1820 1088 1871 Aeschylo
1130 1820 1292 1859 traditis
1326 1822 1505 1861 maxime
1535 1822 1715 1861 obnoxia

140 1890 236 1930 dicit
276 1891 461 1930 carmina
490 1891 630 1931 Aiacis
670 1894 710 1930 et
741 1890 1078 1940 Trachiniarum,
1129 1901 1302 1941 quarum
1344 1892 1512 1932 omnino
1552 1891 1716 1932 diversa

139 1964 204 1999 est
234 1961 359 2008 ratio;
405 1960 603 2009 simplicis
635 1961 735 1998 artis
766 1960 882 1999 iuxta
912 1964 953 1998 et
983 1960 1237 2009 implexioris
1269 1962 1519 2001 documenta
1551 1963 1716 2012 reperiri

139 2030 196 2069 ait
235 2030 275 2069 in
318 2029 529 2081 Antigona
570 2028 730 2069 Electra
769 2028 926 2080 Oedipo
959 2029 1094 2082 Rege,
1147 2041 1281 2081 pauca
1313 2032 1482 2071 omnino
1510 2032 1551 2070 in
1582 2030 1716 2071 Philo-

140 2103 271 2146 cteta,
317 2100 437 2140 cuius
469 2111 554 2140 rem
587 2100 797 2139 metricam
841 2111 985 2150 parum
1019 2101 1164 2144 sedulo
1198 2105 1382 2141 curatam
1416 2112 1511 2141 esse
1544 2103 1714 2151 scimus,

139 2169 323 2210 omnium
355 2180 451 2210 vero
477 2170 657 2210 maxime
690 2170 889 2210 variatam
909 2181 1003 2210 esse
1035 2170 1219 2211 fabulam
1251 2170 1452 2223 Oedipum
1474 2171 1713 2211 Coloneum.

141 2240 322 2290 Apparet
349 2241 474 2292 igitur
506 2251 531 2280 a
561 2240 780 2291 disciplina
810 2242 1019 2281 severiore
1052 2240 1297 2291 Sophoclem
1330 2243 1465 2293 magis
1498 2243 1716 2293 magisque

139 2311 313 2352 liberum
351 2312 540 2352 extitisse
581 2316 622 2352 et
653 2322 786 2353 novas
829 2313 978 2363 quibus
1010 2312 1326 2353 Atheniensium
1369 2313 1529 2353 animos
1560 2317 1717 2353 teneret

140 2381 384 2422 adhibuisse
415 2385 540 2423 artes.
588 2405 646 2412 -
686 2381 871 2433 Denique
902 2383 1137 2434 cogitabam
1166 2382 1441 2432 aliquamdiu,
1474 2384 1716 2434 responsio-

140 2461 234 2491 nem
256 2462 523 2501 personarum
553 2453 595 2491 in
616 2451 782 2503 dialogo
814 2463 914 2492 num
933 2452 1034 2491 forte
1055 2451 1284 2502 Sophocles
1315 2463 1389 2502 per
1412 2452 1580 2502 aliquod
1611 2457 1716 2493 tem-

140 2532 218 2572 pus
260 2521 313 2563 ad
345 2521 544 2574 Aeschyli
582 2533 737 2562 morem
778 2521 1051 2562 adornaverit.
1131 2521 1282 2562 Verum
1316 2526 1481 2573 praeter
1511 2524 1715 2564 trimetros

139 2592 311 2633 canticis
340 2593 631 2644 interpositos,
671 2592 725 2632 de
756 2593 906 2643 quibus
938 2592 1133 2634 disseruit
1164 2592 1375 2633 Wilmsius
1408 2605 1446 2643 p.
1480 2593 1566 2641 14„
1621 2606 1716 2636 cum

143 2663 242 2702 nihil
273 2663 478 2703 eiusmodi
509 2663 781 2714 reppererim,
815 2663 1045 2713 expectabo
1077 2662 1113 2701 si
1146 2661 1338 2713 Weilius,
1383 2664 1450 2712 qui
1484 2664 1623 2703 studio
1655 2666 1717 2703 in-

141 2732 308 2773 defesso
343 2733 485 2774 Latine
505 2732 661 2773 Gallice
683 2732 926 2773 Germanice
957 2732 1122 2774 duobus
1154 2733 1318 2784 populis
1350 2738 1474 2784 atque
1496 2736 1715 2775 universae

141 2802 294 2843 civitati
326 2803 548 2844 litterariae
578 2803 693 2855 leges
726 2802 778 2843 de
807 2803 1083 2853 responsione
1115 2803 1268 2855 dialogi
1287 2803 1507 2855 Aeschylei
1534 2804 1714 2855 promul-

141 2875 236 2925 gat,
268 2872 514 2925 Sophoclem
548 2884 714 2924 quoque
745 2874 825 2914 hac
854 2873 947 2925 lege
978 2875 1105 2914 teneri
1139 2874 1439 2925 deprehendat.
