1843 3058
163 57 228 107 20

158 185 338 235 ποίησις
366 179 577 239 μᾶλλον
607 181 666 224 τὰ
697 181 970 236 καθόλου,
1008 178 1032 234 ἦ
1063 178 1107 224 d'
1140 182 1315 238 ἱστορία
1346 180 1397 223 τὰ
1427 178 1536 224 καθ’
1565 180 1747 225 ἕκαστον

157 254 285 308 λέγει.
326 253 411 294 Nec
438 263 612 303 prorsus
645 253 903 294 adversabor
928 251 1125 303 equidem
1151 250 1404 302 philosopho
1429 251 1528 293 talia
1545 249 1747 293 tradenti:

159 324 235 364 sed
282 334 420 373 pauca
466 323 661 363 monebo.
741 322 920 363 Primum
971 322 1083 363 enim
1129 321 1455 372 haudquaquam
1498 321 1745 362 Aristoteles

158 396 370 441 nuncupat
406 391 673 443 tragoediam
714 392 776 433 sic
806 391 1048 441 simpliciter
1075 390 1380 438 universalem,
1422 390 1544 441 quasi
1581 390 1625 431 in
1655 390 1745 431 uni-

157 462 311 504 versali
354 466 503 503 natura
544 461 715 502 omnino
746 461 959 512 proprium
1003 460 1095 502 eius
1135 472 1185 501 ac
1226 465 1359 501 totum
1390 473 1543 501 munus
1578 461 1745 501 confici-

159 537 272 578 atur,
322 542 469 571 verum
508 541 601 570 eam
645 542 744 572 esse
776 531 875 572 dicit
915 542 1024 581 quae
1064 529 1199 582 magis
1246 529 1499 571 universalis
1541 529 1745 577 videatur,

157 601 229 643 ubi
259 613 353 642 cum
393 600 571 642 historia
611 612 705 641 eam
747 600 1069 652 comparaveris.
1135 599 1238 640 Tum
1283 610 1337 641 ne
1367 599 1628 652 tragoediam
1660 599 1747 650 qui·

159 674 256 713 dem
286 672 422 722 ipsam
451 669 729 720 philosophus
760 670 860 711 dicit
898 669 1247 713 universaliorem
1286 681 1386 711 esse
1424 669 1621 718 historia,
1669 670 1744 711 sed

160 753 327 784 omnem
358 744 490 782 artem
520 739 750 790 poeticam,
795 752 888 782 eam
930 746 1071 782 autem
1110 731 1470 782 universalitatem
1501 740 1659 781 diserte
1688 740 1748 780 in-

159 823 284 861 super
316 810 469 851 asserit
497 809 539 849 in
573 811 795 851 comoedia
825 810 960 862 magis
993 820 1117 860 quam
1154 810 1196 849 in
1225 809 1448 861 tragoedia
1479 809 1665 861 conspici
1676 809 1746 863 ⁸⁹):

156 888 203 924 ut
242 881 364 922 facile
392 879 640 931 intellegas,
681 891 820 922 rerum
852 889 1098 929 morumque
1128 878 1487 920 universalitatem
1520 881 1745 931 quandam,

157 951 240 992 etsi
268 954 469 1000 poscatur
512 947 613 989 artis
656 950 843 1001 tragicae
884 953 1035 989 natura
1066 960 1117 989 ac
1143 948 1319 996 virtute,
1360 953 1501 989 tamen
1536 961 1620 989 non
1652 960 1747 990 eam

158 1031 258 1061 esse
289 1029 399 1069 quae
437 1028 539 1067 prae
580 1017 731 1058 ceteris
774 1017 1039 1058 desideretur
1069 1021 1115 1057 ut
1148 1017 1345 1058 emineat.
1414 1017 1673 1070 Quamquam
1703 1017 1745 1058 in

159 1088 410 1132 contrariam
449 1091 612 1137 partem
650 1086 722 1129 isti
761 1087 936 1129 afferent
961 1110 1020 1118 —
1052 1087 1164 1137 quod
1194 1098 1220 1127 a
1250 1086 1494 1139 Lessingio,
1543 1100 1636 1130 cum
1666 1087 1749 1129 hoc

155 1160 249 1211 ipso
290 1158 427 1208 capite
464 1155 732 1211 uteretur⁴⁰)‚
775 1157 910 1209 magis
954 1168 1079 1207 quam
1121 1169 1145 1198 e
1185 1169 1230 1198 re
1272 1170 1351 1198 sua
1382 1162 1471 1199 erat
1511 1160 1746 1210 neglectum

159 1241 257 1271 esse
288 1226 451 1268 mireris
481 1248 542 1259 ·-—
573 1225 841 1267 Aristotelem
872 1239 1018 1267 eorum
1063 1237 1172 1277 quae
1203 1229 1257 1268 de
1289 1227 1511 1268 comoedia
1543 1232 1747 1269 statuerat

156 1300 240 1341 iam
269 1298 312 1338 in
345 1295 564 1348 tragoedia
587 1306 755 1346 quoque
782 1296 893 1336 hanc
913 1296 996 1336 vim
1027 1296 1214 1337 exerceri
1234 1296 1539 1352 docentemss),
1569 1302 1616 1338 ut
1639 1297 1747 1339 fictis

159 1381 243 1408 non
275 1365 514 1407 nominibus
545 1369 730 1412 tantum,
763 1367 841 1406 sed
874 1365 1000 1406 etiam
1030 1368 1155 1407 rebus
1185 1365 1246 1406 uti
1275 1370 1428 1417 poetae
1453 1366 1596 1425 liceat:
1628 1366 1745 1408 cuius

156 1438 355 1480 licentiae
371 1440 418 1476 ut
440 1435 679 1485 exemplum
698 1434 861 1476 illustre
879 1436 1144 1485 praedicatur
1161 1436 1256 1476 Flos
1268 1435 1518 1486 Agathonis.
1553 1438 1744 1477 Attamen

160 1509 273 1559 quod
310 1503 576 1557 tragoediam
615 1515 730 1544 mere
769 1504 867 1545 ficto
907 1509 1154 1557 argumento
1197 1510 1309 1547 stare
1357 1516 1487 1555 posse
1527 1505 1748 1547 arbitratur

157 1574 457 1627 philosophus,
497 1573 611 1614 haud
642 1573 730 1613 scio
761 1585 815 1613 an
847 1575 1043 1623 abreptus
1076 1574 1198 1625 quasi
1231 1574 1405 1627 ingenio
1446 1575 1584 1616 lusum
1616 1587 1745 1627 quen·

159 1648 257 1687 dam
286 1645 509 1696 indulgere
540 1642 619 1683 sibi
647 1642 861 1689 maluerit,
896 1653 1021 1693 quam
1053 1643 1166 1684 serio
1199 1644 1432 1685 doctrinam
1459 1644 1745 1694 pronuntiare,

160 1726 286 1767 quam
326 1712 408 1754 nisi
446 1712 641 1753 haustam
677 1711 928 1762 optimorum
975 1713 1029 1753 de
1070 1713 1376 1764 exemplaribus
1415 1719 1635 1763 poetarum
1679 1715 1748 1755 vix

132 1786 339 1827 ¹debebat
367 1793 618 1833 proponere.
687 1780 877 1831 Exempli
920 1786 1054 1830 certe,
1097 1793 1179 1834 quo
1219 1783 1351 1824 utitur
1381 1782 1630 1835 Agathone,
1676 1791 1748 1826 aut

160 1856 274 1896 nulla
305 1858 371 1895 est
401 1857 473 1904 aut
504 1852 609 1892 satis
640 1862 791 1893 manca
822 1851 1075 1900 auctoritas,
1122 1863 1231 1903 quae
1270 1852 1390 1894 nobis
1433 1853 1602 1904 quidem
1633 1856 1746 1897 nullo

158 1925 287 1966 modo
326 1922 519 1963 sufficiat.
590 1922 697 1971 Quid
742 1919 884 1963 enim?
933 1922 1182 1973 comparatis
1221 1922 1454 1974 principum
1492 1925 1746 1978 tragicorum

159 1994 355 2045 operibus
405 1994 529 2043 quale
571 2003 732 2043 quaeso
774 1991 952 2041 pretium
1001 1996 1236 2033 statuemus
1275 1997 1347 2034 aut
1392 1998 1545 2043 poetae
1585 1995 1622 2036 si
1661 2008 1747 2036 non

159 2062 383 2110 mediocri,
416 2061 581 2112 optimis
614 2062 764 2102 saltem
796 2062 926 2102 multo
956 2061 1167 2111 inferiori,
1200 2067 1272 2103 aut
1290 2062 1479 2110 fabulae,
1511 2064 1630 2106 cuius
1652 2078 1745 2106 cum

158 2135 383 2183 pleraque,
424 2143 478 2172 ne
510 2131 646 2171 dicam
686 2130 827 2170 omnia
866 2131 1014 2183 ignota
1054 2130 1159 2179 sint,
1209 2131 1369 2183 reliqua
1412 2134 1521 2184 quod
1564 2134 1746 2176 sciamus

156 2202 360 2255 peculiari
401 2202 571 2242 omnino
612 2202 707 2242 fuco
747 2207 896 2243 ornata
942 2199 1094 2242 erant?
1173 2202 1315 2253 Neque
1357 2202 1469 2243 enim
1509 2205 1746 2247 Aristotelis

158 2273 310 2320 laude,
354 2272 466 2321 qnod
506 2271 740 2322 Agathonis
779 2271 874 2311 Flos
917 2267 1043 2313 οῧδὲν
1082 2264 1209 2323 ἧττον
1248 2266 1589 2328 εὔφραίνει,-ᾱθ
1627 2287 1746 2326 prae-

158 2341 317 2384 stantia
359 2340 452 2391 eius
492 2341 655 2383 fabulae
696 2340 852 2382 certius
895 2341 1015 2383 nobis
1062 2343 1340 2391 persuadetur
1385 2343 1746 2386 considerantibus

251 2530 312 2574 39)
346 2531 368 2564 l.
393 2531 414 2563 Ι.
443 2529 478 2573 ξ.
501 2529 536 2563 5.

250 2601 312 2646 40)
350 2601 514 2635 Didascc.
542 2600 749 2634 Hammona.
780 2601 848 2637 vol.
865 2602 910 2634 11.
940 2600 1040 2645 (opp.
1068 2602 1133 2635 vol.
1162 2602 1295 2645 XXV.)
1323 2613 1359 2647 p.
1382 2604 1450 2637 277
1468 2613 1517 2637 ss.

252 2670 314 2714 41)
351 2671 373 2704 l.
393 2671 416 2704 l.
442 2670 477 2715 ξ.
497 2670 540 2705 7:
567 2666 613 2705 οὗ
638 2668 718 2716 μὴν
741 2666 835 2704 ἀλλά
865 2668 929 2704 καὶ
954 2669 996 2704 ἐν
1020 2671 1101 2710 ταῖς
1124 2669 1370 2718 τραγῳδίαις,
1401 2671 1443 2706 ἐν
1468 2671 1582 2710 ἐνίαις
1603 2669 1679 2720 μὲν
1704 2670 1746 2708 ἓν

157 2726 181 2773 ἢ
206 2727 274 2763 δύο
299 2729 375 2763 τῶν
398 2731 604 2775 γνωρίμων
628 2727 733 2764 ἐστὶν
758 2726 976 2774 ὀνομάτων,
1011 2729 1058 2764 ro?
1087 2728 1126 2764 δὲ
1153 2727 1252 2764 ἄλλα
1277 2731 1539 2777 πεποιημένα,
1565 2730 1608 2766 ἐν
1631 2731 1746 2771 ἐνίαις

156 2785 195 2820 δ’
225 2784 358 2830 οὐδὲν,
385 2781 468 2821 οἷον
492 2786 535 2820 ἐν
557 2788 609 2834 τῷ
635 2787 852 2833 Λγάθωνος
874 2786 1007 2823 Ἅνθει.
1035 2787 1173 2834 ὁμοίως
1191 2789 1267 2835 γάρ
1294 2788 1336 2823 ἐν
1357 2789 1477 2837 τούτῳ
1506 2788 1552 2825 τά
1580 2802 1621 2826 τε
1640 2789 1741 2836 πρά-

155 2856 285 2892 γματα
311 2844 375 2884 καὶ
400 2844 445 2879 τὰ
470 2844 642 2891 ὀνόματα
667 2849 888 2889 πεποίηται·
915 2846 992 2881 καὶ
1019 2845 1161 2882 οὐδὲν
1184 2841 1329 2892 ἧττον
1354 2846 1632 2895 εὐφραίνει.
