1843 3058
1644 74 1707 126 25

132 216 315 259 suimus,
343 208 538 248 homines
571 206 643 257 qui
674 206 717 245 in
747 204 977 256 tragoediis
1008 205 1259 244 inducantur
1288 206 1333 244 ut
1355 202 1478 243 altius
1512 202 1708 253 quiddam

131 284 297 335 spirent·
326 283 368 319 et
409 277 521 327 quod
572 275 830 327 tragoediam
880 272 1045 324 proprie
1093 274 1241 314 deceat
1260 271 1326 326 ⁵⁸).
1413 269 1708 321 Philosophum

131 356 270 394 autem
313 358 403 387 cum
437 344 636 395 optimum
677 355 802 394 quen]
842 343 1010 394 quidem
1049 342 1278 382 habeamus
1318 345 1470 390 poetae
1508 340 1708 390 interpre-

129 426 213 462 tem
244 428 343 459 esse
375 413 706 460 ostenderimus,
741 414 794 453 de
822 412 915 463 ipso
948 411 1167 462 Sophoclis
1200 422 1352 456 sensu,
1387 402 1595 461 quatenus
1617 410 1704 462 qui-

135 491 230 531 dem
261 484 432 537 assequi
461 484 581 533 licet,
609 483 693 524 iam
725 482 916 524 effectum
944 482 1033 523 erit.
1395 470 1398 473 ’

243 578 434 630 Denique
464 581 510 617 ut
540 576 790 617 absolvanus
831 575 940 616 hanc
980 579 1140 625 partem
1182 573 1465 626 quaestioniS,
1514 575 1627 626 qnod
1668 574 1710 614 in

132 651 275 692 vitium
306 646 516 697 Euripidis
557 646 676 687 cadat
707 645 980 696 reprehensio
1013 644 1256 695 Sophoclis,
1289 644 1410 685 facile
1440 644 1707 696 intellegitur.

130 720 302 760 Notatur
342 715 501 768 scilicet
540 728 648 767 quae
686 715 935 766 saepissime
975 714 1017 754 in
1058 713 1207 755 sabulis
1249 713 1342 754 eius
1382 713 1709 764 deprehenditur

129 780 267 839 imago
296 785 408 827 vitae
441 784 621 825 miserae
659 789 784 836 atque
825 784 1012 825 abiectae
1052 782 1362 834 descriptioque
1405 795 1548 823 eorum
1580 783 1708 823 homi-

131 869 229 899 num
259 855 330 908 qui
359 860 430 897 aut
461 866 584 896 aures
618 855 803 897 crucient
833 854 934 895 rixis
968 854 1123 895 eiulatu
1153 854 1317 905 ploratu
1345 857 1416 894 aut
1447 854 1592 894 oculos
1624 855 1707 895 lae-

131 922 235 969 dant'
259 928 384 967 rebus
415 926 597 967 sordidis
629 926 748 977 quasi
778 927 970 966 consulto
1003 924 1199 965 exhibitis
1225 937 1274 965 ac
1305 925 1565 966 monstratis:
1598 927 1709 975 qnod

132 997 271 1040 vitium
302 995 491 1037 acerbius
526 995 672 1043 etiam,
713 1000 759 1037 ut
788 1007 861 1046 par
893 1000 981 1045 est,
1031 994 1321 1045 Aristophanis
1350 994 1394 1034 in
1429 993 1710 1036 Acharnensi-

132 1071 208 1110 bus
248 1066 512 1117 potissimum
554 1071 594 1108 et
634 1066 760 1106 Ranis
802 1065 1005 1117 exagitari
1042 1070 1265 1116 pernotum
1305 1071 1384 1107 est.
1456 1065 1707 1116 Sophoclem

133 1150 231 1187 vero
271 1149 354 1177 non
393 1137 474 1177 hoc
511 1136 591 1177 sibi
629 1140 915 1176 assumentem
957 1135 1178 1186 ipsumque
1221 1136 1275 1176 de
1318 1147 1365 1176 se
1395 1135 1705 1186 praedicantem

133 1207 347 1254 audimus,
401 1207 512 1258 quod
552 1205 721 1246 omnino
764 1205 1288 1272 pfflQf-„llssmssnssun
1284 1217 1433 1268 mores
1430 1205 1711 1272 erJffirlt

133 1279 208 1319 sed
240 1278 352 1327 quod
383 1288 434 1317 eo
467 1274 729 1317 sublimiores
761 1287 810 1314 ac
840 1274 1077 1315 seve1iores
1121 1256 1497 1327 1·eddide1it,quo
1537 1276 1630 1326 ipsa
1660 1288 1713 1316 ea

132 1359 241 1400 quae
278 1346 321 1386 in
366 1344 596 1397 tragoediis
641 1349 978 1395 repr-aesentetm
1022 1344 1131 1385 vitae
1180 1344 1370 1385 condicio
1421 1345 1552 1386 maior
1586 1350 1712 1397 atque

135 1415 347 1457 sublimior
389 1414 443 1455 sit
483 1426 607 1466 quam
655 1414 888 1454 communis
928 1414 1144 1454 hominum
1190 1416 1456 1456 consuetudo
1497 1415 1607 1456 vitae
1624 1415 1710 1468 ⁵⁸¹).

133 1486 249 1528 Hanc
278 1484 405 1538 igitur
438 1484 640 1525 habemus
673 1496 883 1532 normam,
925 1485 977 1525 ad
1023 1495 1145 1535 quam
1175 1484 1313 1536 ipsum
1345 1484 1520 1536 'poetam
1549 1485 1593 1525 in
1624 1498 1713 1526 mo-

132 1557 245 1597 ribus
280 1554 531 1606 effingendis
562 1559 801 1594 versantem
841 1554 1130 1595 diiudicemus.
1206 1555 1282 1597 Est
1320 1560 1460 1596 autem
1492 1568 1541 1596 ea
1571 1556 1711 1597 media

130 1626 218 1667 fere
250 1626 451 1666 collocata
479 1624 588 1665 inter
606 1623 814 1674 Euripidis
846 1628 976 1665 artem
1007 1624 1190 1674 privatas
1223 1638 1271 1665 ac
1302 1625 1556 1666 domesticas
1582 1625 1710 1666 Athe-

134 1696 340 1736 niensium
378 1706 446 1734 res
499 1695 760 1735 redolentem
814 1698 938 1745 atque
978 1695 1176 1747 Aeschyli
1222 1701 1424 1736 tumorem
1473 1696 1542 1746 qui
1578 1696 1711 1746 ipsam

134 1765 258 1807 eliam
288 1764 483 1806 heroicae
514 1763 664 1805 aetatis
697 1763 942 1816 dignitatem
984 1776 1112 1815 saepe
1145 1764 1322 1806 excedit.
1385 1765 1580 1818 Singulas
1612 1777 1711 1806 velo

130 1847 354 1899 POQS
343 1834 604 1898 Sophocleae
645 1833 818 1874 virtutes
859 1839 903 1875 ut
943 1847 1035 1874 cum
1079 1836 1288 1876 deteriore
1321 1835 1529 1885 Euripidis
1571 1836 1712 1876 indole

137 1890 463 1951 contendamus,
514 1903 863 1954 quemadmodum
911 1902 1094 1944 Huidius
1137 1904 1229 1954 ipse
1266 1903 1453 1945 Electras
1493 1905 1711 1956 utriusque

131 1979 282 2025 poetae
312 1972 570 2023 comparavit
592 1971 662 2023 ⁵⁹),
709 1977 984 2022 opp01tunam
1024 1979 1197 2023 postero
1238 1971 1425 2025 tempore
1458 1987 1582 2025 spelo
1613 1975 1713 2016 mihi

130 2046 271 2085 datum
310 2043 361 2083 iri
402 2042 682 2083 occasionem.
721 2040 818 2081 ‘Ex
857 2042 937 2083 hac
975 2055 1073 2084 vero
1114 2044 1421 2095 disputatione,
1474 2057 1596 2096 quam
1638 2044 1713 2085 ali—

132 2119 287 2167 quanto
318 2112 488 2155 uberius
519 2110 752 2153 institutam
784 2114 909 2153 modo
941 2114 1219 2162 absolvimus,
1263 2114 1464 2165 numquid
1496 2115 1537 2153 in
1571 2116 1709 2165 expla—

130 2186 315 2227 nandum
335 2183 500 2226 tertium
518 2182 971 2238 Sophoclis-iudiciuin
1001 2184 1318 2235 profecerimus,
1352 2185 1434 2226 iam
1463 2185 1708 2226 videbimus.

127 2255 172 2295 Id
203 2266 333 2295 unuin
373 2254 544 2304 insuper
584 2265 736 2293 moneo
783 2255 894 2305 quod
928 2254 1164 2295 Aristotelis
1204 2255 1340 2295 verbis
1381 2251 1490 2296 οἷον
1514 2256 1590 2296 καὶ
1616 2256 1711 2297 Σο-

223 2441 286 2485 58)
310 2452 346 2479 v.
371 2452 401 2475 s.
430 2450 511 2485 pag.
531 2440 565 2476 9.
592 2450 625 2475 n.
650 2441 706 2475 22.

222 2511 314 2556 5812)
341 2513 403 2546 Illa
437 2518 554 2547 autem
589 2512 681 2546 vitae
715 2512 875 2546 condicio
918 2512 1010 2555 quod
1049 2512 1084 2545 in
1117 2511 1320 2546 universum
1362 2514 1559 2557 comparari
1591 2517 1711 2557 potest

129 2571 293 2605 heroicae
323 2571 451 2606 aetatis
475 2571 619 2614 imagini
646 2570 784 2613 qualem
819 2571 1032 2604 carminibus
1058 2570 1253 2603 Homericis
1290 2581 1496 2614 expressam
1523 2572 1709 2613 habemus,

129 2631 292 2666 convenit
316 2631 401 2664 mihi
439 2642 519 2665 cum
547 2630 798 2674 Bernhardyo,
844 2641 946 2672 quem
972 2629 1114 2664 Homeri
1147 2620 1365 2674 'exemplaria
1391 2630 1558 2674 Sophocli
1585 2632 1620 2664 iu
1649 2632 1709 2665 de-

129 2690 325 2723 scribendis
346 2690 500 2723 moribus
520 2689 681 2723 honestis
707 2689 910 2722 liberalibus
935 2690 1099 2732 ingenuis
1125 2689 1306 2732 proposita
1324 2689 1579 2730 significantem
1602 2701 1709 2734 supra

128 2746 292 2791 laudavi,
320 2748 378 2782 ubi
404 2747 582 2792 Euripidis
608 2757 746 2790 quoque
765 2745 818 2780 'de
845 2746 999 2780 sordidis
1026 2751 1059 2780 et
1084 2747 1232 2780 abiectis
1264 2747 1355 2780 vitae
1381 2747 1595 2790 imaginibus
1621 2748 1709 2781 iudi-

128 2806 219 2839 cium
248 2806 414 2840 Eiusdem
445 2807 547 2840 attuli
574 2816 655 2851 pag.
675 2805 709 2841 9.
736 2816 768 2840 ιι.
788 2807 846 2841 22.

220 2874 280 2920 59)
308 2876 462 2911 Hurdius
487 2876 579 2921 apud
609 2876 830 2920 Lessingium
856 2876 879 2912 l.
906 2887 937 2910 c.
967 2875 1065 2921 (opp.
1092 2876 1158 2911 vol.
1189 2875 1317 2919 XXV.)
1348 2887 1382 2921 p.
1404 2875 1472 2912 300
1490 2886 1539 2910 ss.
