1843 3058
1633 85 1695 134 31

119 223 278 262 mutata
309 216 504 258 dicuntur
533 225 618 254 non
649 212 782 264 ipsius
812 212 988 259 suerint,
1036 213 1112 252 sed
1151 210 1256 253 alius
1289 210 1505 252 cuiusdam
1523 210 1585 265 ⁷⁵).
1649 213 1700 252 At

119 301 218 331 vero
256 283 463 338 repugnat
514 283 850 334 interpretationi
899 295 1024 333 quam
1062 281 1356 333 Bernhardyus
1406 282 1573 330 protulit
1612 286 1702 322 tota

120 355 395 401 conformatio
428 354 688 405 sententiae,
729 353 849 394 cuius
891 353 1068 414 singula·
1086 353 1269 392 membra
1310 350 1572 401 excipiuntur
1608 363 1699 401 par-

212 542 273 588 75)
298 543 350 578 Of.
377 541 464 575 Plat.
492 541 580 583 Rep.
608 539 668 579 lv,
694 539 765 573 424
784 538 843 573 C.:
878 538 922 572 de
946 549 1015 582 quo
1041 538 1117 572 loco
1143 539 1178 571 in
1204 543 1360 572 extrema
1387 538 1452 572 hac
1478 538 1701 572 annotatione

120 602 320 638 accuratius
358 598 570 635 videbimus.
634 594 981 641 Μεταβάλλειν
1015 602 1131 630 autem
1168 607 1246 630 cum
1279 597 1379 630 iuxta
1406 597 1451 630 sit
1482 596 1701 630 transitivum

120 666 224 704 atque
247 658 532 698 intransitivum,
568 655 751 690 transitive
777 665 887 698 aeque
914 666 956 690 ac
981 656 1088 689 latine
1124 654 1216 698 quod
1250 655 1400 689 vertitur
1429 660 1602 688 mutare
1640 655 1703 688 du-

119 719 203 765 plici
226 717 331 758 modo
357 719 559 760 usurpatur.
623 713 761 747 Etenim
792 714 968 747 subicitur
993 718 1053 747 aut
1085 724 1142 747 res
1169 724 1259 756 quae
1284 713 1454 746 mutando
1479 717 1703 757 comparatur

119 783 179 813 aut
203 786 244 812 ea
269 785 358 818 quae
384 773 541 808 mutandi
570 772 712 816 negotio
739 772 892 807 abicitur
917 774 1009 806 itave
1034 772 1189 806 afficitur
1213 777 1252 806 ut
1277 771 1447 805 reddatur
1469 771 1549 804 alia.
1605 772 1701 805 Haec

120 843 236 875 autem
261 841 321 874 aut
346 835 420 869 sola
445 835 607 879 ponitur,
645 842 711 866 non
738 832 860 867 addita
894 833 963 866 alia
990 844 1027 866 re
1054 843 1123 875 qua
1147 834 1225 878 ipsa
1251 836 1426 874 mutetur,
1470 836 1530 864 aut
1559 832 1700 866 coniun-

120 898 215 942 gitur
240 904 318 928 cum
345 892 603 938 significatione
629 892 677 925 rei
704 902 767 925 seu
794 895 907 925 status
935 892 1010 924 eius
1038 892 1071 924 in
1098 901 1201 934 quem
1237 895 1404 925 mutetur.
1469 889 1703 923 construendi

122 954 216 990 verbi
242 952 407 995 quoniam
432 950 534 985 facile
560 955 659 995 patet
686 949 746 983 illa
770 949 858 984 ratio
894 950 1074 984 subiectae
1100 949 1208 984 solius
1242 950 1317 983 eius
1352 949 1401 982 rei
1429 959 1518 991 quae
1544 949 1704 983 mutatio-

122 1021 202 1045 nem
228 1010 383 1054 patitur,
411 1010 471 1043 vix
496 1019 586 1053 opus
612 1012 667 1041 est
691 1007 892 1051 exemptum
918 1007 1049 1041 addere
1076 1007 1167 1049 quod
1195 1007 1284 1041 sorte
1309 1006 1463 1041 oblatum
1491 1011 1563 1046 est,
1597 1006 1703 1048 idque

121 1078 189 1103 uon
215 1067 418 1113 probandae
436 1067 619 1101 doctrinae
645 1065 707 1099 sed
727 1066 961 1110 explicandae
981 1075 1089 1100 causa
1102 1067 1183 1100 Her.
1214 1066 1316 1106 1‚57.
1344 1062 1438 1098 ἄλλα
1463 1063 1705 1110 πτολίσματα

120 1124 162 1161 τὸ
188 1123 337 1172 οὕνομα
358 1124 561 1171 μετίβιιλεε
596 1124 697 1158 cuius
722 1124 852 1159 similia
878 1124 1028 1169 plurima
1053 1129 1258 1169 suppetunt.
1308 1125 1392 1159 Eius
1418 1127 1534 1158 autem
1560 1134 1707 1158 cousue-

121 1186 277 1227 tudinis,
309 1194 413 1228 quam
448 1189 644 1218 extremam
680 1184 873 1225 collocavi,
908 1183 1023 1226 figura
1056 1183 1146 1217 haec
1180 1191 1234 1218 est
1265 1178 1514 1228 μεταβάλλειν
1537 1193 1570 1216 τι
1594 1182 1646 1222 εἴς
1671 1193 1706 1217 τι

123 1255 186 1278 seu
211 1241 279 1277 snt
305 1253 363 1286 τι,
399 1242 507 1276 veluti
534 1243 614 1277 Her.
636 1245 670 1283 7,
698 1241 755 1277 73.
777 1241 814 1273 οἱ
839 1243 974 1287 Βρίγες
998 1239 1039 1274 τό
1067 1238 1214 1287 οὔνομα
1235 1240 1444 1286 μετέβαλον
1467 1241 1518 1279 εἰς
1540 1238 1703 1287 Φρύγας.

122 1303 201 1339 Eur.
230 1302 360 1337 Bacch.
388 1302 446 1337 54.
472 1298 630 1347 μορφήν
654 1296 685 1335 τ’
712 1298 808 1347 ἔμὴν
830 1299 1039 1347 μετέβαλον
1072 1301 1123 1340 εἰς
1148 1296 1286 1344 ἀνδρὸς
1310 1296 1442 1346 φύσιν.
1500 1301 1588 1335 Plat.
1614 1301 1703 1346 Rep.

122 1363 166 1396 11.
193 1361 274 1397 381.
296 1361 333 1394 B.
370 1358 542 1404 Πότερον
567 1352 637 1393 οὖν
661 1358 724 1393 ἐπὶ
748 1357 790 1393 τὸ
819 1356 964 1403 βέλτιόν
988 1371 1024 1393 τε
1052 1357 1116 1393 καὶ
1141 1356 1294 1392 κάλλιον
1316 1357 1540 1404 μεταβάλλει
1567 1357 1705 1393 ἑαυτὸν

122 1415 143 1462 ἢ
167 1416 231 1452 ἐπὶ
255 1416 297 1452 τὸ
319 1419 454 1463 χεῖρον
477 1415 542 1451 καὶ
567 1415 610 1451 τό
636 1417 787 1462 αἴσχιον
812 1415 963 1452 ἑαυτοῦ.
1016 1419 1146 1452 Verum
1183 1418 1347 1460 quoniam
1375 1418 1533 1452 neutrius
1560 1417 1705 1452 rationis

122 1477 181 1512 hic
204 1478 321 1521 agitur
345 1487 475 1520 causa,
508 1476 609 1521 plura
635 1478 694 1519 qui
728 1477 930 1518 desideret,
965 1477 1080 1510 lexica
1114 1477 1231 1510 adeat.
1285 1477 1359 1510 lam
1385 1477 1582 1519 quaeritur,
1618 1486 1704 1518 quo-

125 1535 228 1573 mod'o
253 1535 382 1569 habeat
405 1532 655 1580 μεταβάλλειν
680 1546 720 1569 eo
747 1546 853 1569 sensu
881 1536 1036 1577 dictum,
1070 1541 1108 1568 ut
1141 1535 1189 1569 sit
1214 1534 1380 1569 mutando
1407 1544 1612 1579 comparare
1644 1535 1706 1568 ali-

122 1594 219 1638 quid.
271 1594 324 1628 lta
348 1604 432 1628 vero
455 1588 703 1639 μεταβάλλειν
736 1595 839 1639 posui
865 1606 944 1629 eum
972 1594 1065 1636 dici,
1100 1595 1157 1637 qui
1195 1594 1249 1628 sui
1285 1594 1438 1637 aliquam
1472 1599 1608 1639 partem
1633 1604 1705 1629 mu-

121 1654 227 1689 tando
255 1654 359 1688 aliam
385 1653 524 1687 reddat.
572 1654 664 1687 Illud
689 1665 772 1687 vero
799 1654 892 1696 quod
920 1655 1020 1698 prius
1045 1659 1119 1687 erat
1153 1655 1319 1687 mutantis
1346 1653 1510 1696 quodque
1535 1654 1705 1687 mutando

123 1712 220 1746 aliud
246 1711 304 1752 fit,
349 1715 409 1745 aut
432 1711 637 1745 nominatim
665 1711 805 1746 additur
830 1712 943 1757 figura
980 1722 1070 1754 quae
1104 1716 1156 1745 est
1193 1708 1443 1756 μεταβάλλειν
1464 1712 1504 1744 τί
1524 1722 1622 1750 τινος
1645 1717 1705 1746 aut

83 1805 85 1807 .
122 1770 224 1805 facile
251 1770 468 1814 intellegitur
492 1770 649 1804 eiusdem
676 1771 786 1804 fuisse
821 1771 877 1814 qui
906 1776 1042 1804 mutare
1069 1771 1207 1805 dicitur.
1268 1769 1328 1804 Sic
1352 1770 1495 1805 additur
1521 1770 1631 1816 Soph.
1652 1771 1703 1808 El.

123 1830 214 1864 1260
232 1840 281 1863 ss.
307 1830 361 1868 τίς
389 1820 459 1863 ουν
485 1839 535 1862 αν
568 1826 680 1869 (ἰξίαν
704 1848 751 1853 -
773 1826 1012 1874 μεταβάλοιτ’
1046 1825 1096 1862 ἄν
1128 1821 1197 1863 ὦδε
1221 1828 1336 1874 σιγᾶν
1369 1826 1513 1874 λόγων;
1553 1840 1619 1863 non
1647 1829 1707 1863 ad-

122 1888 195 1923 dito
221 1888 334 1933 pretio
350 1913 361 1931 ,
405 1898 474 1930 quo
501 1893 745 1933 comparetur,
779 1888 854 1922 sola
880 1899 922 1922 ea
947 1899 1003 1922 res
1030 1898 1118 1930 quae
1145 1892 1368 1933 comparatur
1391 1888 1559 1922 mutando
1592 1889 1707 1933 posita

125 1952 184 1980 est
207 1947 290 1981 Eur.
317 1947 343 1981 Ι.
365 1948 406 1982 A.
432 1947 512 1981 343.
539 1946 705 1990 (Nauck.)
733 1943 1003 1992 [Ἀγαμέμνων]
1029 1944 1257 1992 μεταβαλών
1282 1944 1419 1985 ἄλλους
1442 1945 1624 1992 τρόπουςε
1649 1959 1706 1980 ve-

122 2015 198 2038 rum
225 2004 273 2038 ita
312 2009 352 2038 ut
386 2004 517 2038 diserte
543 2004 701 2046 dicatur,
736 2005 891 2039 abiectos
918 2016 1031 2039 mores
1056 2006 1192 2050 priores
1228 2006 1337 2039 fuisse
1371 2005 1530 2047 eiusdem
1556 2007 1707 2049 Agame-

123 2064 283 2108 mnonis3
310 2063 403 2106 quod
428 2063 458 2097 si
485 2063 564 2106 quis
596 2063 794 2098 accuratius
822 2064 999 2108 explicare
1017 2065 1115 2106 velit,
1141 2065 1289 2110 figuram
1317 2064 1494 2110 compleat
1513 2063 1589 2098 τῶν
1608 2074 1704 2109 προ-

118 2121 245 2167 τέρων.
272 2122 389 2157 Locus
415 2123 506 2156 enim
532 2121 590 2156 hic
615 2127 688 2157 est:
831 2141 877 2146 —
901 2119 1128 2168 μεταβαλών
1152 2120 1287 2162 ἄλλους
1309 2120 1473 2170 τρόπους

314 2182 392 2220 τοῖς
416 2181 585 2226 φίλοισιν
621 2177 740 2215 οὕκέθ
768 2173 867 2223 ἦσθα
892 2182 969 2220 τοῖς
994 2179 1086 2227 πρὶν
1109 2179 1158 2221 ὦς
1183 2180 1355 2226 πρόσθεν
1380 2182 1505 2227 φίλος.

119 2259 164 2265 -
190 2241 288 2274 Haec
314 2241 422 2285 igitur
447 2241 564 2273 omnia
591 2245 710 2274 contra
738 2241 1010 2284 Bernhardyum
1036 2241 1192 2275 faciunt:
1226 2251 1377 2284 namque
1404 2242 1494 2275 hanc
1520 2245 1706 2274 consuetu-

121 2299 238 2334 dinem
265 2300 305 2335 si,
323 2299 455 2334 cadere
480 2299 569 2334 velia
592 2300 627 2333 in
653 2299 770 2333 locum
796 2299 994 2343 Plutarchi,
1029 2305 1154 2346 sponte
1179 2306 1349 2346 apparet,
1385 2306 1420 2335 et
1444 2301 1559 2345 ipsum
1586 2296 1704 2345 ὄγκον

127 2355 230 2391 ειτό
255 2348 400 2403 πιῗερόν
417 2356 481 2392 καὶ
505 2354 739 2404 κατάτεχνον
768 2357 831 2400 τῆς
856 2358 1095 2404 κατασκευῆς,
1121 2360 1326 2404 priusquam
1352 2368 1372 2392 a
1396 2365 1502 2403 pocta
1529 2364 1705 2394 mutaren-

130 2417 206 2461 tur,
242 2418 401 2452 eiusdem
435 2417 546 2452 fuisse
571 2418 759 2462 Sophoclis
793 2419 852 2460 qui
887 2418 947 2451 illa
972 2420 1016 2453 ab
1042 2418 1217 2462 Aeschylo
1251 2419 1452 2462 repetierit,
1485 2419 1611 2460 quibus
1646 2419 1705 2452 ab·

119 2475 221 2509 iectis
245 2477 386 2509 tertium
414 2475 555 2509 demum
584 2476 749 2509 orationis
786 2486 898 2519 genus
932 2477 1098 2510 mutando
1132 2477 1198 2510 sibi
1226 2487 1430 2521 comparare
1459 2476 1606 2514 dicatur.
1657 2479 1705 2510 At

122 2543 191 2567 non
218 2535 419 2570 continetur
443 2534 500 2568 his
525 2534 653 2569 finibus
679 2535 834 2579 regimen
862 2536 957 2569 verbi
983 2535 1076 2578 quod
1098 2540 1152 2569 est
1177 2532 1437 2581 μεταβάλλειν.
1497 2537 1607 2570 Immo
1626 2536 1706 2581 ipse

123 2591 181 2625 ille
207 2593 305 2627 locus
328 2593 508 2634 Platonis,
545 2589 648 2636 qu'em
675 2593 709 2626 iu
736 2594 882 2628 exordio
908 2594 1144 2628 adnotationis
1168 2595 1289 2638 posui,
1329 2594 1468 2628 omnino
1495 2595 1644 2637 quadrat
1668 2595 1704 2628 in

121 2651 396 2695 explicationem
422 2652 650 2696 Bernhardyi.
691 2653 805 2687 Locus
824 2657 939 2687 autem
957 2652 1015 2686 hic
1039 2657 1113 2688 est:
1148 2646 1246 2692 εἶδος
1269 2651 1344 2699 γάρ
1367 2652 1500 2687 καινὸν
1523 2653 1706 2699 μουσικῆς

117 2708 366 2755 μεταβάλλειν
384 2706 609 2756 εὕλαβητέον
624 2708 672 2749 ὦς
688 2709 731 2745 ἐν
741 2708 814 2758 ὅλῳ
829 2708 1117 2746 κινδυνεύοντα·
1137 2708 1309 2758 οὐδαμοῦ
1322 2722 1396 2758 γαρ
1410 2712 1600 2747 κινοῦνται
1613 2725 1705 2760 μου-

119 2758 221 2810 σικῆς
236 2766 371 2814 τρόποι
387 2780 479 2805 arev
497 2770 697 2805 πολιτικῶν
716 2768 846 2814 νόμων
870 2770 947 2804 τῶν
961 2772 1162 2817 μεγίστων.
1205 2772 1379 2816 Exposuit
1405 2771 1640 2817 philosophus
1659 2774 1702 2807 de

120 2827 220 2860 novis
242 2830 399 2863 musicae
423 2831 509 2864 artis
536 2831 590 2864 vel
619 2831 862 2874 gymnasticae
891 2831 1025 2870 modis,
1060 2840 1149 2872 quos
1185 2830 1283 2873 pravi
1320 2830 1355 2862 in
1382 2831 1564 2875 republica
1594 2833 1704 2865 homi

120 2894 181 2917 nea
208 2885 384 2921 inducturi
410 2892 552 2931 esseut,
589 2889 788 2922 omnimodo
815 2888 1064 2933 prohibendis:
1110 2889 1252 2931 antiqua
1278 2889 1452 2923 servanda
1478 2900 1576 2933 esse,
1603 2901 1645 2923 ne
1671 2890 1700 2922 si
