1843 3058
1631 107 1693 156 29

120 237 228 289 quae
259 235 312 276 sit
341 229 482 288 ἠθική
515 232 707 274 virtutem
739 231 958 283 Sophoclis
988 231 1241 280 peculiarem
1271 231 1425 278 fuisse,
1467 243 1550 271 non
1581 231 1697 272 Euri-

119 305 252 357 pidis:
282 308 328 344 ut
359 314 484 353 supra
515 302 803 351 ostendimus,
843 301 903 342 ita
936 302 1158 351 probamur
1200 311 1292 340 cum
1331 304 1474 341 vetere
1512 300 1698 342 testimo-

122 375 191 415 nio
223 375 336 425 quod
367 373 550 424 Scriptor
579 373 701 414 Vitae
731 372 993 434 Sophocleae
1033 370 1259 411 memoriae
1298 370 1480 436 prodidit
1489 369 1569 439 ‘'f'),
1610 377 1698 412 tum
1786 381 1830 408 ae

950 422 1211 438 Μωμμιοκέμψηο-ι·
1210 421 1344 434 nsaw·
1783 409 1830 452 :J

123 457 148 485 a
178 443 398 497 Lessingio
431 444 523 494 ipso
563 444 784 488 docemur,
826 440 897 494 qui
937 452 1030 482 cum
1062 439 1302 490 Euripidem
1342 439 1384 479 in
1406 428 1609 481 bonis
1576 442 1699 482 mori-

124 517 198 555 bus
237 514 442 555 docendis
483 525 653 563 operam
692 512 892 563 posuisse
932 512 1063 558 dicat,
1115 510 1376 560 Sophoclem
1405 512 1620 552 contendit
1651 517 1697 553 ut

127 588 295 633 poetam
325 595 425 623 vere
455 582 658 633 tragicum
689 582 881 622 homines
914 580 1212 621 convenienter
1242 579 1353 620 vitae
1383 580 1619 620 condicioni
1638 586 1698 621 at-

130 664 213 704 que
243 653 283 694 ei
321 662 404 703 quo
434 651 621 692 ferantur
666 650 805 692 animo
837 649 1072 692 instituisse
1094 649 1153 702 ⁷⁰).
1245 648 1357 701 Ergo
1384 653 1558 700 ‘apparet
1603 650 1699 691 Les-

123 721 326 772 singium,
357 732 454 760 >cum
488 722 667 770 probare
700 722 825 761 vellet
856 732 974 761 suam
1007 719 1281 765 sententiam,
1312 720 1448 769 ipsum
1479 725 1623 761 contra
1654 732 1700 761 se

124 791 385 841 disputasse3
439 790 721 831 coniecturam
768 795 908 832 autem
953 789 1085 840 ipsius
1134 789 1392 841 argumentis
1442 789 1697 839 destitutam,

124 872 221 902 cum
252 860 373 900 novis
406 872 455 900 ac
476 860 714 901 melioribus
734 860 964 901 rationibus
984 859 1053 900 vix
1073 859 1291 909 quisquam
1319 864 1498 904 tueatur,
1531 860 1701 901 omnino

129 942 318 972 mancam
357 940 455 971 esse
497 934 538 970 et
577 929 644 970 cui
692 929 784 971 iure
823 930 986 970 mireris
1036 928 1298 969 Welckerum
1338 928 1462 970 etiam
1501 931 1703 971 accedere

122 1000 339 1050 potuisse,
370 1000 440 1051 qui
469 1000 718 1040 firmissimis
750 1000 1007 1052 argumentis
1039 999 1307 1050 Lessingium
1327 997 1406 1040 sibi
1435 1000 1703 1049 persuasisse

121 1070 273 1110 fatetur
291 1069 356 1124 ⁷¹).
1066 1080 1068 1082 ·

237 1171 446 1214 Tenemus
487 1174 613 1226 igitur
652 1173 903 1224 Sophoclem
952 1173 1096 1214 iudicii
1135 1175 1246 1227 quod
1289 1175 1399 1224 apud
1439 1173 1702 1216 Plutarchum

120 1243 272 1295 legitur
304 1244 437 1284 fuisse
467 1249 708 1285 auctorem:
749 1244 865 1283 cuius
912 1245 1148 1285 sententiae
1187 1246 1411 1296 plerosque
1443 1257 1467 1286 e
1497 1247 1701 1288 recentio-

127 1428 305 1462 hominum
332 1434 366 1462 et
391 1428 588 1469 aetatibus,
614 1428 647 1461 in
674 1428 902 1472 popularibus
929 1430 1033 1463 rebus
1059 1440 1100 1463 ae
1126 1429 1217 1464 vitae
1244 1430 1534 1466 condicionibus:
1568 1433 1703 1466 intelle-

124 1486 242 1532 gitur,
275 1498 379 1530 quam
404 1498 473 1522 non
499 1487 546 1522 sit
569 1487 605 1520 in
632 1498 766 1521 morum
797 1487 972 1532 probitate
1005 1493 1287 1524 consummatum
1323 1480 1424 1532 ἦθος.
1483 1491 1641 1535 Denique
1667 1499 1705 1528 ut

123 1546 487 1589 comprehendamus,
512 1541 682 1588 ἦθικόν
705 1548 890 1588 ποίημα
918 1547 1041 1581 eodem
1069 1548 1173 1581 modo
1199 1548 1340 1590 dicitur,
1366 1560 1436 1590 quo
1453 1550 1574 1584 Cicero
1602 1562 1704 1595 prae·

123 1604 218 1637 dicat
250 1614 417 1647 poema
450 1608 673 1638 mor-atum
707 1604 748 1638 (1.-
777 1604 885 1638 divin.
918 1604 954 1648 Ι,
980 1604 1023 1639 31
1051 1609 1155 1646 atque
1188 1606 1352 1639 Horatius
1387 1608 1560 1650 praecipit
1586 1614 1624 1642 ut
1657 1610 1704 1642 sit

122 1667 299 1696 morata
324 1667 452 1696 recte
478 1661 640 1697 fabula
668 1663 710 1698 A.
738 1662 776 1696 Ρ.
804 1662 885 1705 319,
911 1673 1016 1705 quam
1041 1663 1215 1708 intellegit
1235 1665 1311 1699 eius
1340 1671 1467 1709 poetae
1486 1677 1566 1701 esse
1596 1678 1701 1710 quem

123 1721 227 1754 modo
263 1719 514 1754 informaverat
550 1731 583 1753 v.
616 1719 707 1763 3163
735 1721 795 1762 qui

201 1772 205 1774 ’
413 1778 594 1822 „reddere
627 1789 802 1823 personae
828 1780 896 1813 scit
920 1779 1164 1814 convenientia
1191 1780 1354 1825 cuique.“
1378 1801 1423 1806 —

126 1837 242 1878 Simili
265 1841 380 1870 autem
407 1837 533 1878 modo,
571 1842 677 1879 atque
704 1834 956 1882 ἠθικώτατον,
989 1836 1032 1871 τὸ
1057 1837 1120 1881 τῆς
1144 1838 1273 1879 λέξεως
1296 1839 1490 1885 βέλτιστον
1513 1835 1611 1881 εἶδος
1635 1854 1703 1877 non

125 1894 207 1929 ideo
243 1900 409 1937 vocatur,
441 1896 535 1939 quod
561 1906 622 1930 eos
647 1897 706 1939 qui
738 1897 886 1931 audiant
911 1898 1072 1931 meliores
1097 1898 1225 1932 reddat
1258 1898 1481 1944 (Lessingius
1506 1911 1542 1946 p.
1568 1902 1626 1939 60.
1656 1903 1701 1938 cl.

127 1955 186 1987 Ar.
211 1953 300 1989 Ran.
327 1954 418 1989 1040
441 1964 477 1988 ss
481 1951 527 1997 .)’,
561 1955 624 1989 sed
651 1956 745 1998 quod
769 1957 835 1990 arti
862 1955 993 2000 optime
1021 1957 1215 1991 conveniat.

217 2034 279 2078 69)
306 2036 389 2069 Vita
413 2035 523 2080 Soph.
551 2035 587 2080 §.
610 2037 676 2072 13.
709 2033 944 2079 ἠθοποιεῖ
977 2047 1016 2072 τε
1041 2036 1103 2071 καὶ
1136 2039 1319 2074 ποικίλλει
1349 2039 1411 2078 καὶ
1443 2044 1520 2082 τοῖς
1551 2041 1756 2119 &unroh-53?

121 2102 219 2138 μασι
242 2093 419 2138 τεχνικῶς
442 2094 576 2139 χρῆται
600 2086 826 2142 .’”.“““ηνεγκε
854 2088 893 2131 δε
919 2108 963 2130 τα
989 2106 1128 2142 μικτα,
1171 2094 1445 2143 εὐκαιρίαν,
1478 2101 1751 2150 flammea&

123 2148 291 2198 τόλμαν,
326 2152 527 2189 ποικιλίαν.
566 2148 642 2189 orde
668 2151 708 2188 δὲ
739 2154 909 2199 καιρὸν
941 2156 1279 2201 συμμετρῆσαι
1311 2157 1390 2192 καὶ
1424 2158 1703 2207 πράγματα,
1723 2152 1747 2226 13

124 2206 285 2244 zuo-1⁸32
315 2211 455 2256 μικροῦ
489 2209 701 2256 ἦμιστιχίου
737 2210 760 2254 ἢ
791 2212 920 2253 λέξεως
950 2214 1041 2259 μιᾶς
1076 2211 1168 2249 ὅλον
1201 2211 1456 2258 ἦθοποιεῖν
1488 2217 1702 2264 πρόςωπον.
1727 2231 1748 2300 xi

124 2266 202 2303 ἔστι
225 2266 265 2304 δὲ
296 2269 407 2305 τοῦτο
438 2269 621 2315 μέγιστον
653 2269 696 2305 ἐν
727 2271 773 2317 τῇ
804 2272 995 2319 ποιητικῇ,
1037 2272 1176 2316 δηλοῦν
1206 2266 1323 2316 ηθος
1354 2272 1379 2317 ἧ
1410 2275 1546 2317 πάθος.
1584 2279 1734 2323 φησιν·

124 2338 193 2361 ουν
209 2325 502 2373 Ἀριστοφάνης,
544 2325 601 2362 ὅτι
625 2328 789 2373 καιρός
812 2328 1055 2372 &nemag-sto
1081 2333 1157 2371 τοῖς
1180 2333 1342 2377 χείλεσιν
1366 2331 1497 2372 αὐτοῦ.

219 2409 279 2454 70)
306 2412 514 2455 Lessingius
541 2412 563 2444 1.
584 2422 614 2447 c.
641 2422 678 2456 p.
692 2413 758 2446 58:
784 2413 887 2455 „Und
912 2424 983 2447 nun
1010 2415 1073 2448 der
1097 2416 1203 2450 dritte
1220 2417 1358 2453 Punkt:
1386 2420 1514 2462 τρίτον
1538 2416 1604 2462 ἤδη
1623 2420 1702 2457 κτλ.

125 2468 323 2512 Sophokles
348 2470 414 2502 soll
440 2470 507 2502 den
533 2480 669 2513 ganzen
695 2471 885 2505 character
911 2473 973 2505 der
996 2474 1094 2506 Rede
1120 2473 1406 2519 umgescfflaffen,
1434 2478 1505 2510 und
1530 2479 1613 2521 ihn,
1649 2489 1704 2513 so-

123 2525 191 2560 viel
215 2528 393 2571 1116ςί11111,
428 2527 560 2562 sittlich
588 2530 660 2563 und
686 2530 877 2565 moralisch
909 2537 973 2573 gut
998 2532 1163 2576 gemacht
1188 2532 1331 2568 haben?
1389 2536 1460 2569 Das
1492 2537 1586 2570 sieht
1622 2539 1704 2571 dem

124 2585 323 2631 Sophokles
356 2587 454 2621 nicht
487 2587 641 2625 ahnlich.
712 2589 809 2622 Dszu
843 2601 916 2623 war
950 2602 989 2624 er
1022 2602 1066 2624 zu
1091 2592 1159 2625 viel
1185 2592 1271 2626 Poet
1310 2593 1381 2626 und
1405 2596 1573 2628 verstand
1606 2598 1705 2630 seine

124 2643 239 2678 Kunst
264 2644 333 2678 viel
358 2656 400 2679 zu
427 2644 511 2688 gut!
562 2647 633 2680 Der
665 2647 784 2681 wahre
809 2648 983 2691 Tragikus
1020 2650 1108 2684 liisst
1139 2651 1238 2683 seine
1263 2651 1440 2684 Personen
1472 2653 1569 2686 ihrer
1594 2654 1705 2688 Situa-

122 2702 217 2745 tion,
254 2704 367 2738 ihrem
393 2704 529 2739 Affecte
562 2707 702 2749 gemfiss
738 2706 931 2750 sprechen,
965 2708 1038 2742 und
1072 2709 1300 2743 bekiimmert'
1321 2709 1397 2744 sich
1437 2712 1534 2746 nieht
1567 2714 1613 2747 im
1641 2715 1706 2748 Ge-

122 2759 281 2801 ringsten,
306 2762 450 2803 darum,
478 2763 521 2796 ob
547 2764 598 2796 sie
623 2763 795 2798 lehrreich
822 2766 909 2799 oder
933 2767 1110 2800 erbaulich
1138 2768 1325 2811 spi-echert.
1377 2770 1473 2803 Aber
1499 2771 1621 2807 darum
1647 2774 1705 2807 be-

123 2815 299 2853 kfimmert
325 2820 400 2854 sich
426 2821 614 2866 Euripides
641 2823 731 2857 wohl
758 2824 851 2857 etc.“

218 2900 279 2944 71)
306 2902 471 2938 Welcker
495 2906 579 2939 Tril.
605 2916 640 2950 p.
658 2906 728 2956 524
754 2912 826 2941 not.
