<?xml version="1.0" encoding="UTF-8"?>
<!DOCTYPE html PUBLIC "-//W3C//DTD XHTML 1.0 Transitional//EN"
    "http://www.w3.org/TR/xhtml1/DTD/xhtml1-transitional.dtd">
<html xmlns="http://www.w3.org/1999/xhtml" xml:lang="en" lang="en">
 <head>
  <title>
</title>
<meta http-equiv="Content-Type" content="text/html;charset=utf-8" />
  <meta name='ocr-system' content='tesseract 3.04.00' />
  <meta name='ocr-capabilities' content='ocr_page ocr_carea ocr_par ocr_line ocrx_word'/>
</head>
<body>
  <div class='ocr_page' id='page_1' title='image "4737172_0033.png"; bbox 0 0 1843 3058; ppageno 0'>
   <div class='ocr_carea' id='block_1_1' title="bbox 0 0 226 9">
    <p class='ocr_par' dir='ltr' id='par_1_1' title="bbox 0 0 226 9">
     <span class='ocr_line' id='line_1_1' title="bbox 0 0 226 9; baseline -0.009 0"><span class='ocrx_word' id='word_1_1' title='bbox 0 0 226 9; x_wconf 45' lang='lat' dir='ltr'>W—-W</span> 
     </span>
    </p>
   </div>
   <div class='ocr_carea' id='block_1_2' title="bbox 223 90 251 101">
    <p class='ocr_par' dir='ltr' id='par_1_2' title="bbox 223 90 251 101">
     <span class='ocr_line' id='line_1_2' title="bbox 223 90 251 101; baseline 0 0"><span class='ocrx_word' id='word_1_2' title='bbox 223 90 251 101; x_wconf 61' lang='lat' dir='ltr'><em>A</em></span> 
     </span>
    </p>
   </div>
   <div class='ocr_carea' id='block_1_3' title="bbox 1631 102 1695 153">
    <p class='ocr_par' dir='ltr' id='par_1_3' title="bbox 1631 102 1695 153">
     <span class='ocr_line' id='line_1_3' title="bbox 1631 102 1695 153; baseline -0.016 0"><span class='ocrx_word' id='word_1_3' title='bbox 1631 102 1695 153; x_wconf 79' lang='lat'>23</span> 
     </span>
    </p>
   </div>
   <div class='ocr_carea' id='block_1_4' title="bbox 114 231 1698 1337">
    <p class='ocr_par' dir='ltr' id='par_1_4' title="bbox 114 231 1698 1337">
     <span class='ocr_line' id='line_1_4' title="bbox 117 231 1696 282; baseline -0.006 -1"><span class='ocrx_word' id='word_1_4' title='bbox 117 250 257 281; x_wconf 81' lang='lat' dir='ltr'>mores</span> <span class='ocrx_word' id='word_1_5' title='bbox 289 237 482 277; x_wconf 84' lang='lat' dir='ltr'>efficaces</span> <span class='ocrx_word' id='word_1_6' title='bbox 514 232 673 280; x_wconf 86' lang='lat' dir='ltr'>fuisse,</span> <span class='ocrx_word' id='word_1_7' title='bbox 708 244 784 273; x_wconf 92' lang='lat' dir='ltr'>eos</span> <span class='ocrx_word' id='word_1_8' title='bbox 812 232 896 273; x_wconf 90' lang='lat' dir='ltr'>iam</span> <span class='ocrx_word' id='word_1_9' title='bbox 925 231 983 272; x_wconf 87' lang='lat' dir='ltr'>ita</span> <span class='ocrx_word' id='word_1_10' title='bbox 1015 242 1228 281; x_wconf 86' lang='lat' dir='ltr'>exponere</span> <span class='ocrx_word' id='word_1_11' title='bbox 1260 232 1490 282; x_wconf 89' lang='lat' dir='ltr'>debebunt,</span> <span class='ocrx_word' id='word_1_12' title='bbox 1521 236 1566 271; x_wconf 89' lang='lat' dir='ltr'>ut</span> <span class='ocrx_word' id='word_1_13' title='bbox 1598 242 1696 271; x_wconf 91' lang='lat' dir='ltr'>esse</span> 
     </span>
     <span class='ocr_line' id='line_1_5' title="bbox 117 294 1698 360; baseline -0.006 -10"><span class='ocrx_word' id='word_1_14' title='bbox 117 310 310 351; x_wconf 82' lang='lat' dir='ltr'>videatur</span> <span class='ocrx_word' id='word_1_15' title='bbox 341 297 461 360; x_wconf 73' lang='grc' dir='ltr'><em>ἦθος</em></span> <span class='ocrx_word' id='word_1_16' title='bbox 489 299 710 358; x_wconf 81' lang='grc' dir='ltr'><strong><em>χρηστὸν,</em></strong></span> <span class='ocrx_word' id='word_1_17' title='bbox 741 295 996 356; x_wconf 74' lang='grc' dir='ltr'><strong><em>ἅρμόττον,</em></strong></span> <span class='ocrx_word' id='word_1_18' title='bbox 1032 294 1218 354; x_wconf 74' lang='grc' dir='ltr'><strong><em>ὅμοιον,</em></strong></span> <span class='ocrx_word' id='word_1_19' title='bbox 1260 294 1440 355; x_wconf 72' lang='grc' dir='ltr'><strong><em>ὁμαλόν</em></strong></span> <span class='ocrx_word' id='word_1_20' title='bbox 1460 299 1524 357; x_wconf 75' lang='lat'>⁴⁶³).</span> <span class='ocrx_word' id='word_1_21' title='bbox 1584 301 1698 342; x_wconf 88' lang='lat' dir='ltr'>Illam</span> 
     </span>
     <span class='ocr_line' id='line_1_6' title="bbox 117 372 1697 424; baseline -0.006 -3"><span class='ocrx_word' id='word_1_22' title='bbox 117 390 218 421; x_wconf 86' lang='lat' dir='ltr'>vero</span> <span class='ocrx_word' id='word_1_23' title='bbox 260 385 478 417; x_wconf 85' lang='lat' dir='ltr'>causarum</span> <span class='ocrx_word' id='word_1_24' title='bbox 517 373 833 424; x_wconf 78' lang='lat' dir='ltr'>indagationem</span> <span class='ocrx_word' id='word_1_25' title='bbox 884 372 982 424; x_wconf 86' lang='lat' dir='ltr'>quia</span> <span class='ocrx_word' id='word_1_26' title='bbox 1031 383 1110 412; x_wconf 92' lang='lat' dir='ltr'>nec</span> <span class='ocrx_word' id='word_1_27' title='bbox 1154 378 1334 422; x_wconf 80' lang='lat' dir='ltr'>possunt</span> <span class='ocrx_word' id='word_1_28' title='bbox 1370 377 1523 423; x_wconf 86' lang='lat' dir='ltr'>poetae</span> <span class='ocrx_word' id='word_1_29' title='bbox 1561 383 1697 422; x_wconf 88' lang='lat' dir='ltr'>neque</span> 
     </span>
     <span class='ocr_line' id='line_1_7' title="bbox 116 442 1696 494; baseline -0.005 -4"><span class='ocrx_word' id='word_1_30' title='bbox 116 450 200 490; x_wconf 87' lang='lat' dir='ltr'>ullo</span> <span class='ocrx_word' id='word_1_31' title='bbox 230 446 357 487; x_wconf 90' lang='lat' dir='ltr'>modo</span> <span class='ocrx_word' id='word_1_32' title='bbox 389 445 544 485; x_wconf 87' lang='lat' dir='ltr'>debent</span> <span class='ocrx_word' id='word_1_33' title='bbox 574 443 627 483; x_wconf 89' lang='lat' dir='ltr'>ad</span> <span class='ocrx_word' id='word_1_34' title='bbox 658 442 861 484; x_wconf 79' lang='lat' dir='ltr'>historiae</span> <span class='ocrx_word' id='word_1_35' title='bbox 886 443 1010 483; x_wconf 83' lang='lat' dir='ltr'>fidem</span> <span class='ocrx_word' id='word_1_36' title='bbox 1042 442 1235 494; x_wconf 85' lang='lat' dir='ltr'>exigere,</span> <span class='ocrx_word' id='word_1_37' title='bbox 1282 442 1561 484; x_wconf 85' lang='lat' dir='ltr'>universalior</span> <span class='ocrx_word' id='word_1_38' title='bbox 1593 454 1696 483; x_wconf 84' lang='lat' dir='ltr'>sane</span> 
     </span>
     <span class='ocr_line' id='line_1_8' title="bbox 118 511 1697 569; baseline -0.006 -8"><span class='ocrx_word' id='word_1_39' title='bbox 118 523 184 561; x_wconf 85' lang='lat' dir='ltr'>est</span> <span class='ocrx_word' id='word_1_40' title='bbox 212 516 404 569; x_wconf 80' lang='lat' dir='ltr'>poeticae</span> <span class='ocrx_word' id='word_1_41' title='bbox 436 512 539 554; x_wconf 88' lang='lat' dir='ltr'>artis</span> <span class='ocrx_word' id='word_1_42' title='bbox 569 511 674 553; x_wconf 87' lang='lat' dir='ltr'>ratio</span> <span class='ocrx_word' id='word_1_43' title='bbox 708 524 832 563; x_wconf 86' lang='lat' dir='ltr'>quam</span> <span class='ocrx_word' id='word_1_44' title='bbox 862 512 1076 553; x_wconf 84' lang='lat' dir='ltr'>historiae.</span> <span class='ocrx_word' id='word_1_45' title='bbox 1139 513 1228 552; x_wconf 90' lang='lat' dir='ltr'>Non</span> <span class='ocrx_word' id='word_1_46' title='bbox 1261 513 1371 553; x_wconf 90' lang='lat' dir='ltr'>enim</span> <span class='ocrx_word' id='word_1_47' title='bbox 1401 513 1444 553; x_wconf 92' lang='lat' dir='ltr'>id</span> <span class='ocrx_word' id='word_1_48' title='bbox 1476 517 1620 565; x_wconf 83' lang='lat' dir='ltr'>agunt,</span> <span class='ocrx_word' id='word_1_49' title='bbox 1652 517 1697 551; x_wconf 90' lang='lat' dir='ltr'>ut</span> 
     </span>
     <span class='ocr_line' id='line_1_9' title="bbox 122 581 1698 641; baseline -0.004 -11"><span class='ocrx_word' id='word_1_50' title='bbox 122 590 333 641; x_wconf 84' lang='lat' dir='ltr'>exponant</span> <span class='ocrx_word' id='word_1_51' title='bbox 373 584 522 637; x_wconf 87' lang='lat' dir='ltr'>quibus</span> <span class='ocrx_word' id='word_1_52' title='bbox 562 581 793 624; x_wconf 90' lang='lat' dir='ltr'>rationibus</span> <span class='ocrx_word' id='word_1_53' title='bbox 834 582 948 623; x_wconf 88' lang='lat' dir='ltr'>ducti</span> <span class='ocrx_word' id='word_1_54' title='bbox 978 582 1162 633; x_wconf 88' lang='lat' dir='ltr'>Oedipus</span> <span class='ocrx_word' id='word_1_55' title='bbox 1194 584 1365 624; x_wconf 88' lang='lat' dir='ltr'>Orestes</span> <span class='ocrx_word' id='word_1_56' title='bbox 1408 582 1476 624; x_wconf 88' lang='lat' dir='ltr'>alii</span> <span class='ocrx_word' id='word_1_57' title='bbox 1516 594 1561 623; x_wconf 91' lang='lat' dir='ltr'>re</span> <span class='ocrx_word' id='word_1_58' title='bbox 1598 594 1698 623; x_wconf 87' lang='lat' dir='ltr'>vera</span> 
     </span>
     <span class='ocr_line' id='line_1_10' title="bbox 116 652 1697 704; baseline -0.006 -2"><span class='ocrx_word' id='word_1_59' title='bbox 116 661 224 702; x_wconf 85' lang='lat' dir='ltr'>facta</span> <span class='ocrx_word' id='word_1_60' title='bbox 252 654 478 701; x_wconf 88' lang='lat' dir='ltr'>ediderint,</span> <span class='ocrx_word' id='word_1_61' title='bbox 519 652 556 692; x_wconf 89' lang='lat' dir='ltr'>si</span> <span class='ocrx_word' id='word_1_62' title='bbox 603 652 772 704; x_wconf 91' lang='lat' dir='ltr'>quidem</span> <span class='ocrx_word' id='word_1_63' title='bbox 802 652 952 703; x_wconf 88' lang='lat' dir='ltr'>Oedipi</span> <span class='ocrx_word' id='word_1_64' title='bbox 993 658 1064 693; x_wconf 88' lang='lat' dir='ltr'>aut</span> <span class='ocrx_word' id='word_1_65' title='bbox 1092 654 1251 695; x_wconf 89' lang='lat' dir='ltr'>Orestis</span> <span class='ocrx_word' id='word_1_66' title='bbox 1290 666 1360 694; x_wconf 90' lang='lat' dir='ltr'>res</span> <span class='ocrx_word' id='word_1_67' title='bbox 1403 665 1525 694; x_wconf 86' lang='lat' dir='ltr'>verae</span> <span class='ocrx_word' id='word_1_68' title='bbox 1565 653 1697 693; x_wconf 86' lang='lat' dir='ltr'>fuisse</span> 
     </span>
     <span class='ocr_line' id='line_1_11' title="bbox 116 723 1696 780; baseline -0.003 -12"><span class='ocrx_word' id='word_1_69' title='bbox 116 727 407 780; x_wconf 86' lang='lat' dir='ltr'>perhibentur,</span> <span class='ocrx_word' id='word_1_70' title='bbox 463 724 539 764; x_wconf 88' lang='lat' dir='ltr'>sed</span> <span class='ocrx_word' id='word_1_71' title='bbox 579 726 625 764; x_wconf 90' lang='lat' dir='ltr'>ut</span> <span class='ocrx_word' id='word_1_72' title='bbox 669 723 796 764; x_wconf 89' lang='lat' dir='ltr'>talem</span> <span class='ocrx_word' id='word_1_73' title='bbox 837 723 957 765; x_wconf 91' lang='lat' dir='ltr'>nobis</span> <span class='ocrx_word' id='word_1_74' title='bbox 998 723 1244 772; x_wconf 84' lang='lat' dir='ltr'>informent,</span> <span class='ocrx_word' id='word_1_75' title='bbox 1297 725 1463 776; x_wconf 88' lang='lat' dir='ltr'>qualem</span> <span class='ocrx_word' id='word_1_76' title='bbox 1505 735 1556 765; x_wconf 87' lang='lat' dir='ltr'>ea</span> <span class='ocrx_word' id='word_1_77' title='bbox 1589 735 1696 774; x_wconf 88' lang='lat' dir='ltr'>quae</span> 
     </span>
     <span class='ocr_line' id='line_1_12' title="bbox 117 793 1696 846; baseline -0.003 -8"><span class='ocrx_word' id='word_1_78' title='bbox 117 797 335 839; x_wconf 87' lang='lat' dir='ltr'>traduntur</span> <span class='ocrx_word' id='word_1_79' title='bbox 366 794 597 846; x_wconf 83' lang='lat' dir='ltr'>perfecisse</span> <span class='ocrx_word' id='word_1_80' title='bbox 628 793 842 843; x_wconf 85' lang='lat' dir='ltr'>probabile</span> <span class='ocrx_word' id='word_1_81' title='bbox 873 799 951 835; x_wconf 90' lang='lat' dir='ltr'>est.</span> <span class='ocrx_word' id='word_1_82' title='bbox 1015 794 1158 845; x_wconf 85' lang='lat' dir='ltr'>Neque</span> <span class='ocrx_word' id='word_1_83' title='bbox 1190 806 1292 835; x_wconf 90' lang='lat' dir='ltr'>vero</span> <span class='ocrx_word' id='word_1_84' title='bbox 1313 794 1384 834; x_wconf 92' lang='lat' dir='ltr'>ubi</span> <span class='ocrx_word' id='word_1_85' title='bbox 1415 796 1466 834; x_wconf 89' lang='lat' dir='ltr'>ab</span> <span class='ocrx_word' id='word_1_86' title='bbox 1496 794 1696 834; x_wconf 84' lang='lat' dir='ltr'>historiae</span> 
     </span>
     <span class='ocr_line' id='line_1_13' title="bbox 117 862 1695 913; baseline -0.002 -6"><span class='ocrx_word' id='word_1_87' title='bbox 117 866 199 907; x_wconf 83' lang='lat' dir='ltr'>fide</span> <span class='ocrx_word' id='word_1_88' title='bbox 237 868 527 912; x_wconf 83' lang='lat' dir='ltr'>recesserunt,</span> <span class='ocrx_word' id='word_1_89' title='bbox 574 863 671 904; x_wconf 90' lang='lat' dir='ltr'>ideo</span> <span class='ocrx_word' id='word_1_90' title='bbox 709 867 862 913; x_wconf 89' lang='lat' dir='ltr'>poetae</span> <span class='ocrx_word' id='word_1_91' title='bbox 913 863 1059 904; x_wconf 82' lang='lat' dir='ltr'>Graeci</span> <span class='ocrx_word' id='word_1_92' title='bbox 1100 864 1152 903; x_wconf 86' lang='lat' dir='ltr'>ad</span> <span class='ocrx_word' id='word_1_93' title='bbox 1191 862 1536 913; x_wconf 86' lang='lat' dir='ltr'>philosophorum</span> <span class='ocrx_word' id='word_1_94' title='bbox 1579 874 1695 913; x_wconf 89' lang='lat' dir='ltr'>prae-</span> 
     </span>
     <span class='ocr_line' id='line_1_14' title="bbox 118 931 1695 986; baseline -0.002 -9"><span class='ocrx_word' id='word_1_95' title='bbox 118 940 237 986; x_wconf 87' lang='lat' dir='ltr'>cepta</span> <span class='ocrx_word' id='word_1_96' title='bbox 276 934 573 986; x_wconf 88' lang='lat' dir='ltr'>confugerunt,</span> <span class='ocrx_word' id='word_1_97' title='bbox 608 934 680 986; x_wconf 88' lang='lat' dir='ltr'>(de</span> <span class='ocrx_word' id='word_1_98' title='bbox 710 931 909 983; x_wconf 88' lang='lat' dir='ltr'>Euripide</span> <span class='ocrx_word' id='word_1_99' title='bbox 942 933 1051 973; x_wconf 90' lang='lat' dir='ltr'>enim</span> <span class='ocrx_word' id='word_1_100' title='bbox 1084 945 1165 973; x_wconf 91' lang='lat' dir='ltr'>non</span> <span class='ocrx_word' id='word_1_101' title='bbox 1201 933 1330 985; x_wconf 89' lang='lat' dir='ltr'>dico):</span> <span class='ocrx_word' id='word_1_102' title='bbox 1373 934 1448 973; x_wconf 89' lang='lat' dir='ltr'>sed</span> <span class='ocrx_word' id='word_1_103' title='bbox 1482 934 1695 974; x_wconf 88' lang='lat' dir='ltr'>intuentes</span> 
     </span>
     <span class='ocr_line' id='line_1_15' title="bbox 117 1002 1695 1057; baseline -0.003 -9"><span class='ocrx_word' id='word_1_104' title='bbox 117 1005 255 1049; x_wconf 87' lang='lat' dir='ltr'>animo</span> <span class='ocrx_word' id='word_1_105' title='bbox 285 1004 509 1057; x_wconf 83' lang='lat' dir='ltr'>imaginem</span> <span class='ocrx_word' id='word_1_106' title='bbox 542 1004 750 1055; x_wconf 86' lang='lat' dir='ltr'>quandam</span> <span class='ocrx_word' id='word_1_107' title='bbox 781 1002 978 1044; x_wconf 82' lang='lat' dir='ltr'>heroicae</span> <span class='ocrx_word' id='word_1_108' title='bbox 1010 1003 1182 1049; x_wconf 86' lang='lat' dir='ltr'>aetatis,</span> <span class='ocrx_word' id='word_1_109' title='bbox 1216 1003 1313 1044; x_wconf 87' lang='lat' dir='ltr'>huic</span> <span class='ocrx_word' id='word_1_110' title='bbox 1342 1003 1422 1044; x_wconf 86' lang='lat' dir='ltr'>etsi</span> <span class='ocrx_word' id='word_1_111' title='bbox 1456 1015 1541 1043; x_wconf 89' lang='lat' dir='ltr'>non</span> <span class='ocrx_word' id='word_1_112' title='bbox 1565 1003 1695 1043; x_wconf 89' lang='lat' dir='ltr'>omni-</span> 
     </span>
     <span class='ocr_line' id='line_1_16' title="bbox 116 1073 1692 1124; baseline -0.002 -7"><span class='ocrx_word' id='word_1_113' title='bbox 116 1089 170 1117; x_wconf 91' lang='lat' dir='ltr'>no</span> <span class='ocrx_word' id='word_1_114' title='bbox 202 1075 358 1116; x_wconf 89' lang='lat' dir='ltr'>similes</span> <span class='ocrx_word' id='word_1_115' title='bbox 389 1076 619 1116; x_wconf 83' lang='lat' dir='ltr'>reddebant</span> <span class='ocrx_word' id='word_1_116' title='bbox 648 1073 861 1113; x_wconf 88' lang='lat' dir='ltr'>hominum</span> <span class='ocrx_word' id='word_1_117' title='bbox 910 1085 1048 1114; x_wconf 90' lang='lat' dir='ltr'>mores</span> <span class='ocrx_word' id='word_1_118' title='bbox 1090 1086 1195 1124; x_wconf 89' lang='lat' dir='ltr'>quos</span> <span class='ocrx_word' id='word_1_119' title='bbox 1235 1073 1277 1113; x_wconf 87' lang='lat' dir='ltr'>in</span> <span class='ocrx_word' id='word_1_120' title='bbox 1322 1085 1491 1115; x_wconf 84' lang='lat' dir='ltr'>scenam</span> <span class='ocrx_word' id='word_1_121' title='bbox 1522 1074 1692 1114; x_wconf 89' lang='lat' dir='ltr'>induce-</span> 
     </span>
     <span class='ocr_line' id='line_1_17' title="bbox 114 1142 1694 1194; baseline -0.003 -7"><span class='ocrx_word' id='word_1_122' title='bbox 114 1149 226 1192; x_wconf 86' lang='lat' dir='ltr'>rent,</span> <span class='ocrx_word' id='word_1_123' title='bbox 259 1143 492 1194; x_wconf 85' lang='lat' dir='ltr'>aspirantes</span> <span class='ocrx_word' id='word_1_124' title='bbox 523 1148 662 1183; x_wconf 88' lang='lat' dir='ltr'>tamen</span> <span class='ocrx_word' id='word_1_125' title='bbox 694 1143 747 1183; x_wconf 86' lang='lat' dir='ltr'>ad</span> <span class='ocrx_word' id='word_1_126' title='bbox 778 1142 978 1183; x_wconf 89' lang='lat' dir='ltr'>maiorem</span> <span class='ocrx_word' id='word_1_127' title='bbox 1010 1143 1376 1194; x_wconf 87' lang='lat' dir='ltr'>sublimioremque</span> <span class='ocrx_word' id='word_1_128' title='bbox 1403 1143 1525 1184; x_wconf 88' lang='lat' dir='ltr'>istius</span> <span class='ocrx_word' id='word_1_129' title='bbox 1545 1144 1694 1184; x_wconf 88' lang='lat' dir='ltr'>aetatis</span> 
     </span>
     <span class='ocr_line' id='line_1_18' title="bbox 115 1212 1691 1266; baseline -0.002 -10"><span class='ocrx_word' id='word_1_130' title='bbox 115 1214 297 1266; x_wconf 87' lang='lat' dir='ltr'>speciem</span> <span class='ocrx_word' id='word_1_131' title='bbox 327 1212 678 1265; x_wconf 87' lang='lat' dir='ltr'>magnanimiores</span> <span class='ocrx_word' id='word_1_132' title='bbox 709 1212 902 1252; x_wconf 89' lang='lat' dir='ltr'>homines</span> <span class='ocrx_word' id='word_1_133' title='bbox 925 1212 1273 1263; x_wconf 90' lang='lat' dir='ltr'>sublimioresque</span> <span class='ocrx_word' id='word_1_134' title='bbox 1295 1213 1547 1254; x_wconf 84' lang='lat' dir='ltr'>effinxerunt</span> <span class='ocrx_word' id='word_1_135' title='bbox 1569 1225 1691 1263; x_wconf 89' lang='lat' dir='ltr'>quam</span> 
     </span>
     <span class='ocr_line' id='line_1_19' title="bbox 115 1280 866 1337; baseline -0.007 -12"><span class='ocrx_word' id='word_1_136' title='bbox 115 1284 185 1337; x_wconf 88' lang='lat' dir='ltr'>qui</span> <span class='ocrx_word' id='word_1_137' title='bbox 213 1283 401 1334; x_wconf 91' lang='lat' dir='ltr'>ipsorum</span> <span class='ocrx_word' id='word_1_138' title='bbox 432 1283 630 1334; x_wconf 87' lang='lat' dir='ltr'>aequales</span> <span class='ocrx_word' id='word_1_139' title='bbox 662 1286 779 1323; x_wconf 85' lang='lat' dir='ltr'>erant</span> <span class='ocrx_word' id='word_1_140' title='bbox 800 1280 866 1336; x_wconf 70' lang='grc'>49).</span> 
     </span>
    </p>
   </div>
   <div class='ocr_carea' id='block_1_5' title="bbox 110 1363 1695 2119">
    <p class='ocr_par' dir='ltr' id='par_1_5' title="bbox 110 1363 1695 2119">
     <span class='ocr_line' id='line_1_20' title="bbox 230 1363 1693 1415; baseline -0.001 -9"><span class='ocrx_word' id='word_1_141' title='bbox 230 1364 444 1406; x_wconf 86' lang='lat' dir='ltr'>Sufficiant</span> <span class='ocrx_word' id='word_1_142' title='bbox 483 1364 590 1405; x_wconf 89' lang='lat' dir='ltr'>haec</span> <span class='ocrx_word' id='word_1_143' title='bbox 629 1368 773 1405; x_wconf 89' lang='lat' dir='ltr'>contra</span> <span class='ocrx_word' id='word_1_144' title='bbox 803 1363 1037 1404; x_wconf 84' lang='lat' dir='ltr'>Hurdianos</span> <span class='ocrx_word' id='word_1_145' title='bbox 1078 1363 1207 1404; x_wconf 86' lang='lat' dir='ltr'>dicta:</span> <span class='ocrx_word' id='word_1_146' title='bbox 1246 1363 1328 1404; x_wconf 90' lang='lat' dir='ltr'>iam</span> <span class='ocrx_word' id='word_1_147' title='bbox 1369 1365 1481 1414; x_wconf 89' lang='lat' dir='ltr'>quod</span> <span class='ocrx_word' id='word_1_148' title='bbox 1524 1376 1693 1415; x_wconf 86' lang='lat' dir='ltr'>magna—</span> 
     </span>
     <span class='ocr_line' id='line_1_21' title="bbox 115 1433 1695 1487; baseline -0.001 -11"><span class='ocrx_word' id='word_1_149' title='bbox 115 1435 346 1477; x_wconf 88' lang='lat' dir='ltr'>nimitatem</span> <span class='ocrx_word' id='word_1_150' title='bbox 388 1434 766 1487; x_wconf 85' lang='lat' dir='ltr'>sublimitatemque</span> <span class='ocrx_word' id='word_1_151' title='bbox 806 1433 952 1485; x_wconf 88' lang='lat' dir='ltr'>posui,</span> <span class='ocrx_word' id='word_1_152' title='bbox 994 1434 1222 1474; x_wconf 88' lang='lat' dir='ltr'>verendum</span> <span class='ocrx_word' id='word_1_153' title='bbox 1267 1439 1332 1475; x_wconf 90' lang='lat' dir='ltr'>est</span> <span class='ocrx_word' id='word_1_154' title='bbox 1361 1446 1414 1475; x_wconf 94' lang='lat' dir='ltr'>ne</span> <span class='ocrx_word' id='word_1_155' title='bbox 1443 1434 1485 1474; x_wconf 94' lang='lat' dir='ltr'>in</span> <span class='ocrx_word' id='word_1_156' title='bbox 1517 1434 1695 1476; x_wconf 86' lang='lat' dir='ltr'>Dacierii</span> 
     </span>
     <span class='ocr_line' id='line_1_22' title="bbox 112 1499 1693 1556; baseline -0.001 -9"><span class='ocrx_word' id='word_1_157' title='bbox 112 1509 254 1556; x_wconf 84' lang='lat' dir='ltr'>partes</span> <span class='ocrx_word' id='word_1_158' title='bbox 307 1504 602 1545; x_wconf 89' lang='lat' dir='ltr'>concesserim.</span> <span class='ocrx_word' id='word_1_159' title='bbox 687 1504 952 1555; x_wconf 71' lang='lat' dir='ltr'>«Quamquam</span> <span class='ocrx_word' id='word_1_160' title='bbox 996 1514 1103 1554; x_wconf 89' lang='lat' dir='ltr'>quae</span> <span class='ocrx_word' id='word_1_161' title='bbox 1148 1504 1229 1545; x_wconf 85' lang='lat' dir='ltr'>iste</span> <span class='ocrx_word' id='word_1_162' title='bbox 1273 1499 1470 1545; x_wconf 78' lang='lat' dir='ltr'>iudicavit</span> <span class='ocrx_word' id='word_1_163' title='bbox 1515 1506 1568 1545; x_wconf 90' lang='lat' dir='ltr'>de</span> <span class='ocrx_word' id='word_1_164' title='bbox 1598 1517 1693 1555; x_wconf 87' lang='lat' dir='ltr'>per-</span> 
     </span>
     <span class='ocr_line' id='line_1_23' title="bbox 113 1573 1692 1627; baseline -0.001 -12"><span class='ocrx_word' id='word_1_165' title='bbox 113 1574 297 1617; x_wconf 80' lang='lat' dir='ltr'>fectione</span> <span class='ocrx_word' id='word_1_166' title='bbox 328 1586 489 1614; x_wconf 90' lang='lat' dir='ltr'>morum</span> <span class='ocrx_word' id='word_1_167' title='bbox 522 1573 874 1625; x_wconf 88' lang='lat' dir='ltr'>Sophocleorum,</span> <span class='ocrx_word' id='word_1_168' title='bbox 918 1573 976 1614; x_wconf 85' lang='lat' dir='ltr'>ita</span> <span class='ocrx_word' id='word_1_169' title='bbox 1007 1576 1056 1614; x_wconf 92' lang='lat' dir='ltr'>ab</span> <span class='ocrx_word' id='word_1_170' title='bbox 1088 1574 1201 1614; x_wconf 86' lang='lat' dir='ltr'>omni</span> <span class='ocrx_word' id='word_1_171' title='bbox 1233 1574 1490 1626; x_wconf 86' lang='lat' dir='ltr'>antiquitatis</span> <span class='ocrx_word' id='word_1_172' title='bbox 1522 1574 1692 1627; x_wconf 83' lang='lat' dir='ltr'>ingenio</span> 
     </span>
     <span class='ocr_line' id='line_1_24' title="bbox 114 1643 1694 1695; baseline 0 -9"><span class='ocrx_word' id='word_1_173' title='bbox 114 1645 360 1694; x_wconf 89' lang='lat' dir='ltr'>abhorrent,</span> <span class='ocrx_word' id='word_1_174' title='bbox 408 1648 453 1684; x_wconf 89' lang='lat' dir='ltr'>ut</span> <span class='ocrx_word' id='word_1_175' title='bbox 485 1655 537 1684; x_wconf 94' lang='lat' dir='ltr'>ne</span> <span class='ocrx_word' id='word_1_176' title='bbox 567 1643 694 1684; x_wconf 89' lang='lat' dir='ltr'>latine</span> <span class='ocrx_word' id='word_1_177' title='bbox 727 1643 895 1694; x_wconf 89' lang='lat' dir='ltr'>quidem</span> <span class='ocrx_word' id='word_1_178' title='bbox 925 1645 1136 1694; x_wconf 87' lang='lat' dir='ltr'>quomodo</span> <span class='ocrx_word' id='word_1_179' title='bbox 1167 1644 1440 1695; x_wconf 85' lang='lat' dir='ltr'>interpretere</span> <span class='ocrx_word' id='word_1_180' title='bbox 1470 1644 1592 1685; x_wconf 85' lang='lat' dir='ltr'>facile</span> <span class='ocrx_word' id='word_1_181' title='bbox 1621 1644 1694 1686; x_wconf 88' lang='lat' dir='ltr'>ha-</span> 
     </span>
     <span class='ocr_line' id='line_1_25' title="bbox 114 1713 1694 1766; baseline -0.001 -10"><span class='ocrx_word' id='word_1_182' title='bbox 114 1716 213 1756; x_wconf 88' lang='lat' dir='ltr'>beas</span> <span class='ocrx_word' id='word_1_183' title='bbox 231 1714 292 1766; x_wconf 84' lang='lat'>⁵⁰).</span> <span class='ocrx_word' id='word_1_184' title='bbox 384 1714 526 1765; x_wconf 88' lang='lat' dir='ltr'>Itaque</span> <span class='ocrx_word' id='word_1_185' title='bbox 570 1725 662 1754; x_wconf 90' lang='lat' dir='ltr'>cum</span> <span class='ocrx_word' id='word_1_186' title='bbox 701 1713 770 1754; x_wconf 89' lang='lat' dir='ltr'>vix</span> <span class='ocrx_word' id='word_1_187' title='bbox 809 1713 938 1765; x_wconf 87' lang='lat' dir='ltr'>digna</span> <span class='ocrx_word' id='word_1_188' title='bbox 977 1714 1031 1755; x_wconf 88' lang='lat' dir='ltr'>sit</span> <span class='ocrx_word' id='word_1_189' title='bbox 1071 1714 1155 1755; x_wconf 87' lang='lat' dir='ltr'>ista</span> <span class='ocrx_word' id='word_1_190' title='bbox 1185 1714 1325 1766; x_wconf 89' lang='lat' dir='ltr'>opinio</span> <span class='ocrx_word' id='word_1_191' title='bbox 1358 1726 1466 1766; x_wconf 89' lang='lat' dir='ltr'>quae</span> <span class='ocrx_word' id='word_1_192' title='bbox 1495 1715 1694 1765; x_wconf 85' lang='lat' dir='ltr'>peculiari</span> 
     </span>
     <span class='ocr_line' id='line_1_26' title="bbox 113 1783 1686 1835; baseline 0.001 -10"><span class='ocrx_word' id='word_1_193' title='bbox 113 1795 242 1835; x_wconf 87' lang='lat' dir='ltr'>opera</span> <span class='ocrx_word' id='word_1_194' title='bbox 270 1785 485 1832; x_wconf 85' lang='lat' dir='ltr'>refutetur,</span> <span class='ocrx_word' id='word_1_195' title='bbox 517 1788 704 1825; x_wconf 87' lang='lat' dir='ltr'>nostram</span> <span class='ocrx_word' id='word_1_196' title='bbox 734 1783 817 1826; x_wconf 86' lang='lat' dir='ltr'>iam</span> <span class='ocrx_word' id='word_1_197' title='bbox 849 1783 1136 1825; x_wconf 87' lang='lat' dir='ltr'>exhibebimus</span> <span class='ocrx_word' id='word_1_198' title='bbox 1169 1785 1421 1827; x_wconf 85' lang='lat' dir='ltr'>sententiam</span> <span class='ocrx_word' id='word_1_199' title='bbox 1453 1785 1686 1827; x_wconf 87' lang='lat' dir='ltr'>accuratius</span> 
     </span>
     <span class='ocr_line' id='line_1_27' title="bbox 112 1854 1684 1908; baseline 0.001 -14"><span class='ocrx_word' id='word_1_200' title='bbox 112 1854 462 1905; x_wconf 87' lang='lat' dir='ltr'>circumscriptam</span> <span class='ocrx_word' id='word_1_201' title='bbox 492 1857 542 1896; x_wconf 88' lang='lat' dir='ltr'>ab</span> <span class='ocrx_word' id='word_1_202' title='bbox 573 1854 624 1895; x_wconf 91' lang='lat' dir='ltr'>iis</span> <span class='ocrx_word' id='word_1_203' title='bbox 656 1854 856 1905; x_wconf 90' lang='lat' dir='ltr'>partibus,</span> <span class='ocrx_word' id='word_1_204' title='bbox 900 1867 1003 1906; x_wconf 87' lang='lat' dir='ltr'>quas</span> <span class='ocrx_word' id='word_1_205' title='bbox 1036 1867 1061 1895; x_wconf 82' lang='lat' dir='ltr'>a</span> <span class='ocrx_word' id='word_1_206' title='bbox 1089 1855 1280 1897; x_wconf 88' lang='lat' dir='ltr'>Dacierio</span> <span class='ocrx_word' id='word_1_207' title='bbox 1312 1857 1450 1898; x_wconf 81' lang='lat' dir='ltr'>facere</span> <span class='ocrx_word' id='word_1_208' title='bbox 1481 1856 1684 1908; x_wconf 88' lang='lat' dir='ltr'>quispiam</span> 
     </span>
     <span class='ocr_line' id='line_1_28' title="bbox 111 1923 1690 1978; baseline 0.001 -14"><span class='ocrx_word' id='word_1_209' title='bbox 111 1923 303 1965; x_wconf 87' lang='lat' dir='ltr'>coniciat.</span> <span class='ocrx_word' id='word_1_210' title='bbox 394 1926 452 1963; x_wconf 88' lang='lat' dir='ltr'>Ac</span> <span class='ocrx_word' id='word_1_211' title='bbox 481 1923 658 1974; x_wconf 90' lang='lat' dir='ltr'>primum</span> <span class='ocrx_word' id='word_1_212' title='bbox 698 1923 867 1974; x_wconf 85' lang='lat' dir='ltr'>quidem</span> <span class='ocrx_word' id='word_1_213' title='bbox 905 1923 1063 1963; x_wconf 87' lang='lat' dir='ltr'>homini</span> <span class='ocrx_word' id='word_1_214' title='bbox 1094 1924 1366 1978; x_wconf 82' lang='lat' dir='ltr'>Francogallo</span> <span class='ocrx_word' id='word_1_215' title='bbox 1408 1938 1490 1965; x_wconf 91' lang='lat' dir='ltr'>non</span> <span class='ocrx_word' id='word_1_216' title='bbox 1531 1926 1589 1966; x_wconf 87' lang='lat' dir='ltr'>ita</span> <span class='ocrx_word' id='word_1_217' title='bbox 1629 1938 1690 1966; x_wconf 89' lang='lat' dir='ltr'>re-</span> 
     </span>
     <span class='ocr_line' id='line_1_29' title="bbox 110 1992 1692 2051; baseline 0.001 -16"><span class='ocrx_word' id='word_1_218' title='bbox 110 2005 299 2046; x_wconf 82' lang='lat' dir='ltr'>pugnare</span> <span class='ocrx_word' id='word_1_219' title='bbox 339 1993 553 2043; x_wconf 88' lang='lat' dir='ltr'>videntur,</span> <span class='ocrx_word' id='word_1_220' title='bbox 594 2005 701 2045; x_wconf 88' lang='lat' dir='ltr'>quae</span> <span class='ocrx_word' id='word_1_221' title='bbox 734 1992 981 2035; x_wconf 87' lang='lat' dir='ltr'>Aristoteles</span> <span class='ocrx_word' id='word_1_222' title='bbox 1024 1995 1164 2036; x_wconf 89' lang='lat' dir='ltr'>docuit</span> <span class='ocrx_word' id='word_1_223' title='bbox 1206 1997 1245 2043; x_wconf 84' lang='lat'>2,</span> <span class='ocrx_word' id='word_1_224' title='bbox 1271 1998 1295 2037; x_wconf 82' lang='lat'><strong>7</strong></span> <span class='ocrx_word' id='word_1_225' title='bbox 1316 1995 1387 2051; x_wconf 87' lang='lat'>⁵¹),</span> <span class='ocrx_word' id='word_1_226' title='bbox 1427 1995 1576 2037; x_wconf 88' lang='lat' dir='ltr'>iterum</span> <span class='ocrx_word' id='word_1_227' title='bbox 1616 2008 1692 2046; x_wconf 83' lang='lat' dir='ltr'>po-</span> 
     </span>
     <span class='ocr_line' id='line_1_30' title="bbox 111 2063 1691 2119; baseline 0.001 -14"><span class='ocrx_word' id='word_1_228' title='bbox 111 2064 195 2105; x_wconf 88' lang='lat' dir='ltr'>suit</span> <span class='ocrx_word' id='word_1_229' title='bbox 219 2067 256 2111; x_wconf 87' lang='lat'>5,</span> <span class='ocrx_word' id='word_1_230' title='bbox 281 2066 304 2104; x_wconf 80' lang='lat'>7</span> <span class='ocrx_word' id='word_1_231' title='bbox 316 2063 379 2116; x_wconf 81' lang='lat'>⁵²),</span> <span class='ocrx_word' id='word_1_232' title='bbox 411 2064 593 2116; x_wconf 87' lang='lat' dir='ltr'>denique</span> <span class='ocrx_word' id='word_1_233' title='bbox 613 2064 762 2114; x_wconf 86' lang='lat' dir='ltr'>repetit</span> <span class='ocrx_word' id='word_1_234' title='bbox 785 2064 826 2103; x_wconf 89' lang='lat' dir='ltr'>in</span> <span class='ocrx_word' id='word_1_235' title='bbox 849 2064 1091 2105; x_wconf 83' lang='lat' dir='ltr'>definitione</span> <span class='ocrx_word' id='word_1_236' title='bbox 1111 2065 1181 2106; x_wconf 87' lang='lat' dir='ltr'>illa</span> <span class='ocrx_word' id='word_1_237' title='bbox 1202 2079 1284 2118; x_wconf 89' lang='lat' dir='ltr'>qua</span> <span class='ocrx_word' id='word_1_238' title='bbox 1300 2066 1508 2117; x_wconf 87' lang='lat' dir='ltr'>propriam</span> <span class='ocrx_word' id='word_1_239' title='bbox 1529 2072 1691 2119; x_wconf 85' lang='lat' dir='ltr'>tragoe-</span> 
     </span>
    </p>
   </div>
   <div class='ocr_carea' id='block_1_6' title="bbox 106 2203 1692 2957">
    <p class='ocr_par' dir='ltr' id='par_1_6' title="bbox 200 2203 562 2248">
     <span class='ocr_line' id='line_1_31' title="bbox 200 2203 562 2248; baseline -0.006 -9"><span class='ocrx_word' id='word_1_240' title='bbox 200 2203 266 2248; x_wconf 88' lang='grc'>48)</span> <span class='ocrx_word' id='word_1_241' title='bbox 292 2215 324 2238; x_wconf 82' lang='grc' dir='ltr'>ο.</span> <span class='ocrx_word' id='word_1_242' title='bbox 352 2205 416 2245; x_wconf 88' lang='grc'>15,</span> <span class='ocrx_word' id='word_1_243' title='bbox 445 2203 562 2238; x_wconf 87' lang='grc'><strong>1-6,</strong></span> 
     </span>
    </p>

    <p class='ocr_par' dir='ltr' id='par_1_7' title="bbox 108 2256 1692 2416">
     <span class='ocr_line' id='line_1_32' title="bbox 202 2256 1690 2312; baseline -0.001 -13"><span class='ocrx_word' id='word_1_244' title='bbox 202 2262 264 2308; x_wconf 83' lang='grc'>49)</span> <span class='ocrx_word' id='word_1_245' title='bbox 292 2274 322 2297; x_wconf 91' lang='lat' dir='ltr'>c.</span> <span class='ocrx_word' id='word_1_246' title='bbox 349 2264 390 2305; x_wconf 87' lang='lat'>2,</span> <span class='ocrx_word' id='word_1_247' title='bbox 416 2263 450 2299; x_wconf 89' lang='grc'>7.</span> <span class='ocrx_word' id='word_1_248' title='bbox 478 2260 520 2296; x_wconf 69' lang='grc' dir='ltr'>ἐν</span> <span class='ocrx_word' id='word_1_249' title='bbox 544 2260 589 2309; x_wconf 79' lang='grc' dir='ltr'>τῇ</span> <span class='ocrx_word' id='word_1_250' title='bbox 614 2256 707 2311; x_wconf 71' lang='grc' dir='ltr'><strong><em>αὕτῇ</em></strong></span> <span class='ocrx_word' id='word_1_251' title='bbox 733 2258 773 2298; x_wconf 77' lang='grc' dir='ltr'>δὲ</span> <span class='ocrx_word' id='word_1_252' title='bbox 799 2260 968 2311; x_wconf 77' lang='grc' dir='ltr'><strong><em>διαφορᾷ</em></strong></span> <span class='ocrx_word' id='word_1_253' title='bbox 992 2262 1054 2298; x_wconf 80' lang='grc' dir='ltr'>καὶ</span> <span class='ocrx_word' id='word_1_254' title='bbox 1080 2258 1099 2307; x_wconf 83' lang='grc' dir='ltr'><strong><em>ἦ</em></strong></span> <span class='ocrx_word' id='word_1_255' title='bbox 1128 2261 1316 2310; x_wconf 79' lang='grc' dir='ltr'><em>τραγῳδία</em></span> <span class='ocrx_word' id='word_1_256' title='bbox 1347 2261 1443 2309; x_wconf 78' lang='grc' dir='ltr'><em>πρὸς</em></span> <span class='ocrx_word' id='word_1_257' title='bbox 1466 2261 1534 2307; x_wconf 80' lang='grc' dir='ltr'>τήν</span> <span class='ocrx_word' id='word_1_258' title='bbox 1559 2275 1690 2312; x_wconf 83' lang='grc' dir='ltr'><em>κωμῳ-</em></span> 
     </span>
     <span class='ocr_line' id='line_1_33' title="bbox 109 2318 1692 2370; baseline 0.002 -15"><span class='ocrx_word' id='word_1_259' title='bbox 109 2318 194 2356; x_wconf 80' lang='grc' dir='ltr'>δίαν</span> <span class='ocrx_word' id='word_1_260' title='bbox 218 2320 418 2365; x_wconf 77' lang='grc' dir='ltr'><em>διέστηκεν.</em></span> <span class='ocrx_word' id='word_1_261' title='bbox 454 2319 475 2356; x_wconf 74' lang='lat' dir='ltr'>r‘·</span> <span class='ocrx_word' id='word_1_262' title='bbox 502 2318 575 2367; x_wconf 83' lang='grc' dir='ltr'>μὲν</span> <span class='ocrx_word' id='word_1_263' title='bbox 610 2319 684 2367; x_wconf 72' lang='grc' dir='ltr'>γὰρ</span> <span class='ocrx_word' id='word_1_264' title='bbox 718 2324 886 2368; x_wconf 79' lang='grc' dir='ltr'><em>χείρους,</em></span> <span class='ocrx_word' id='word_1_265' title='bbox 923 2320 942 2365; x_wconf 77' lang='grc' dir='ltr'><strong><em>ἦ</em></strong></span> <span class='ocrx_word' id='word_1_266' title='bbox 977 2320 1016 2357; x_wconf 77' lang='grc' dir='ltr'>δὲ</span> <span class='ocrx_word' id='word_1_267' title='bbox 1049 2323 1270 2367; x_wconf 78' lang='grc' dir='ltr'><strong><em>βελτίους</em></strong></span> <span class='ocrx_word' id='word_1_268' title='bbox 1293 2326 1496 2370; x_wconf 74' lang='grc' dir='ltr'><strong><em>μιμεῖσθαι</em></strong></span> <span class='ocrx_word' id='word_1_269' title='bbox 1520 2321 1692 2369; x_wconf 75' lang='grc' dir='ltr'><strong><em>βούλεται</em></strong></span> 
     </span>
     <span class='ocr_line' id='line_1_34' title="bbox 108 2381 335 2416; baseline -0.004 0"><span class='ocrx_word' id='word_1_270' title='bbox 108 2381 199 2416; x_wconf 78' lang='grc' dir='ltr'>τῶν</span> <span class='ocrx_word' id='word_1_271' title='bbox 235 2381 335 2415; x_wconf 80' lang='grc' dir='ltr'><em>νῦν.</em></span> 
     </span>
    </p>

    <p class='ocr_par' dir='ltr' id='par_1_8' title="bbox 107 2439 1692 2778">
     <span class='ocr_line' id='line_1_35' title="bbox 201 2439 1690 2486; baseline 0 -10"><span class='ocrx_word' id='word_1_272' title='bbox 201 2439 262 2483; x_wconf 82' lang='grc'>50)</span> <span class='ocrx_word' id='word_1_273' title='bbox 293 2441 342 2476; x_wconf 88' lang='lat' dir='ltr'>Cf.</span> <span class='ocrx_word' id='word_1_274' title='bbox 364 2449 470 2485; x_wconf 85' lang='lat' dir='ltr'>supra</span> <span class='ocrx_word' id='word_1_275' title='bbox 488 2441 558 2485; x_wconf 87' lang='lat' dir='ltr'>p.8</span> <span class='ocrx_word' id='word_1_276' title='bbox 578 2445 613 2475; x_wconf 91' lang='lat' dir='ltr'>et</span> <span class='ocrx_word' id='word_1_277' title='bbox 631 2452 664 2475; x_wconf 86' lang='lat' dir='ltr'>n.</span> <span class='ocrx_word' id='word_1_278' title='bbox 678 2441 733 2476; x_wconf 83' lang='lat'>18.</span> <span class='ocrx_word' id='word_1_279' title='bbox 774 2441 936 2484; x_wconf 87' lang='lat' dir='ltr'>Ubiquod</span> <span class='ocrx_word' id='word_1_280' title='bbox 955 2441 1108 2476; x_wconf 84' lang='lat' dir='ltr'>Dacierii</span> <span class='ocrx_word' id='word_1_281' title='bbox 1124 2452 1214 2484; x_wconf 88' lang='lat' dir='ltr'>quae</span> <span class='ocrx_word' id='word_1_282' title='bbox 1232 2447 1313 2476; x_wconf 79' lang='lat' dir='ltr'>sunt</span> <span class='ocrx_word' id='word_1_283' title='bbox 1329 2453 1445 2486; x_wconf 82' lang='lat' dir='ltr'>„une</span> <span class='ocrx_word' id='word_1_284' title='bbox 1471 2443 1591 2476; x_wconf 87' lang='lat' dir='ltr'>belle</span> <span class='ocrx_word' id='word_1_285' title='bbox 1617 2454 1690 2476; x_wconf 87' lang='lat' dir='ltr'>na-</span> 
     </span>
     <span class='ocr_line' id='line_1_36' title="bbox 108 2499 1692 2544; baseline 0.002 -12"><span class='ocrx_word' id='word_1_286' title='bbox 108 2499 238 2532; x_wconf 81' lang='lat' dir='ltr'>ture⁸‘</span> <span class='ocrx_word' id='word_1_287' title='bbox 276 2499 527 2544; x_wconf 82' lang='lat' dir='ltr'>interpretatus</span> <span class='ocrx_word' id='word_1_288' title='bbox 553 2510 630 2533; x_wconf 87' lang='lat' dir='ltr'>sum</span> <span class='ocrx_word' id='word_1_289' title='bbox 656 2500 834 2534; x_wconf 88' lang='lat' dir='ltr'>hominem</span> <span class='ocrx_word' id='word_1_290' title='bbox 858 2502 1046 2542; x_wconf 88' lang='lat' dir='ltr'>ingenuum</span> <span class='ocrx_word' id='word_1_291' title='bbox 1075 2511 1116 2534; x_wconf 86' lang='lat' dir='ltr'>ac</span> <span class='ocrx_word' id='word_1_292' title='bbox 1150 2501 1350 2544; x_wconf 82' lang='lat' dir='ltr'>liberalem,</span> <span class='ocrx_word' id='word_1_293' title='bbox 1384 2512 1488 2543; x_wconf 85' lang='lat' dir='ltr'>quam</span> <span class='ocrx_word' id='word_1_294' title='bbox 1513 2512 1581 2535; x_wconf 90' lang='lat' dir='ltr'>non</span> <span class='ocrx_word' id='word_1_295' title='bbox 1608 2513 1692 2544; x_wconf 89' lang='lat' dir='ltr'>qua-</span> 
     </span>
     <span class='ocr_line' id='line_1_37' title="bbox 109 2557 1691 2604; baseline 0.002 -14"><span class='ocrx_word' id='word_1_296' title='bbox 109 2557 187 2591; x_wconf 86' lang='lat' dir='ltr'>dret</span> <span class='ocrx_word' id='word_1_297' title='bbox 211 2557 246 2590; x_wconf 91' lang='lat' dir='ltr'>in</span> <span class='ocrx_word' id='word_1_298' title='bbox 272 2557 480 2592; x_wconf 87' lang='lat' dir='ltr'>vocabulum</span> <span class='ocrx_word' id='word_1_299' title='bbox 507 2558 814 2601; x_wconf 82' lang='lat' dir='ltr'>Fraucogallorum</span> <span class='ocrx_word' id='word_1_300' title='bbox 832 2583 841 2600; x_wconf 94' lang='lat'>,</span> <span class='ocrx_word' id='word_1_301' title='bbox 867 2560 977 2602; x_wconf 87' lang='lat' dir='ltr'>probe</span> <span class='ocrx_word' id='word_1_302' title='bbox 1003 2559 1091 2594; x_wconf 81' lang='lat' dir='ltr'>scio.</span> <span class='ocrx_word' id='word_1_303' title='bbox 1141 2558 1250 2601; x_wconf 82' lang='lat' dir='ltr'>Atqui</span> <span class='ocrx_word' id='word_1_304' title='bbox 1276 2559 1468 2593; x_wconf 85' lang='lat' dir='ltr'>difficultas</span> <span class='ocrx_word' id='word_1_305' title='bbox 1494 2559 1611 2604; x_wconf 83' lang='lat' dir='ltr'>posita</span> <span class='ocrx_word' id='word_1_306' title='bbox 1636 2565 1691 2593; x_wconf 78' lang='lat' dir='ltr'>est</span> 
     </span>
     <span class='ocr_line' id='line_1_38' title="bbox 107 2616 1689 2661; baseline 0.001 -12"><span class='ocrx_word' id='word_1_307' title='bbox 107 2616 238 2649; x_wconf 89' lang='lat' dir='ltr'>nonin</span> <span class='ocrx_word' id='word_1_308' title='bbox 272 2616 472 2650; x_wconf 85' lang='lat' dir='ltr'>nominibus</span> <span class='ocrx_word' id='word_1_309' title='bbox 506 2616 767 2661; x_wconf 83' lang='lat' dir='ltr'>exprimendis,</span> <span class='ocrx_word' id='word_1_310' title='bbox 803 2618 839 2651; x_wconf 87' lang='lat' dir='ltr'>id</span> <span class='ocrx_word' id='word_1_311' title='bbox 875 2617 968 2660; x_wconf 89' lang='lat' dir='ltr'>quod</span> <span class='ocrx_word' id='word_1_312' title='bbox 1003 2617 1097 2650; x_wconf 79' lang='lat' dir='ltr'>facili</span> <span class='ocrx_word' id='word_1_313' title='bbox 1132 2618 1273 2660; x_wconf 85' lang='lat' dir='ltr'>negotio</span> <span class='ocrx_word' id='word_1_314' title='bbox 1309 2618 1523 2659; x_wconf 81' lang='lat' dir='ltr'>confeceris,</span> <span class='ocrx_word' id='word_1_315' title='bbox 1566 2618 1689 2652; x_wconf 85' lang='lat' dir='ltr'>sedin</span> 
     </span>
     <span class='ocr_line' id='line_1_39' title="bbox 107 2675 1689 2721; baseline 0.003 -14"><span class='ocrx_word' id='word_1_316' title='bbox 107 2675 344 2711; x_wconf 84' lang='lat' dir='ltr'>convertenda</span> <span class='ocrx_word' id='word_1_317' title='bbox 390 2675 435 2709; x_wconf 79' lang='lat' dir='ltr'>ad</span> <span class='ocrx_word' id='word_1_318' title='bbox 469 2676 692 2719; x_wconf 86' lang='lat' dir='ltr'>antiquorum</span> <span class='ocrx_word' id='word_1_319' title='bbox 727 2686 831 2710; x_wconf 87' lang='lat' dir='ltr'>usum</span> <span class='ocrx_word' id='word_1_320' title='bbox 867 2687 904 2710; x_wconf 85' lang='lat' dir='ltr'>re</span> <span class='ocrx_word' id='word_1_321' title='bbox 939 2686 980 2709; x_wconf 85' lang='lat' dir='ltr'>ea</span> <span class='ocrx_word' id='word_1_322' title='bbox 1032 2685 1122 2718; x_wconf 83' lang='lat' dir='ltr'>quae</span> <span class='ocrx_word' id='word_1_323' title='bbox 1157 2677 1296 2711; x_wconf 89' lang='lat' dir='ltr'>omnino</span> <span class='ocrx_word' id='word_1_324' title='bbox 1332 2688 1399 2711; x_wconf 90' lang='lat' dir='ltr'>non</span> <span class='ocrx_word' id='word_1_325' title='bbox 1436 2678 1579 2720; x_wconf 85' lang='lat' dir='ltr'>antiqua</span> <span class='ocrx_word' id='word_1_326' title='bbox 1614 2682 1689 2721; x_wconf 81' lang='lat' dir='ltr'>est3</span> 
     </span>
     <span class='ocr_line' id='line_1_40' title="bbox 112 2732 1224 2778; baseline 0.002 -11"><span class='ocrx_word' id='word_1_327' title='bbox 112 2732 318 2768; x_wconf 85' lang='lat' dir='ltr'>Germanice</span> <span class='ocrx_word' id='word_1_328' title='bbox 344 2735 495 2770; x_wconf 85' lang='lat' dir='ltr'>fortasse</span> <span class='ocrx_word' id='word_1_329' title='bbox 521 2734 678 2769; x_wconf 82' lang='lat' dir='ltr'>dixeris:</span> <span class='ocrx_word' id='word_1_330' title='bbox 703 2736 829 2778; x_wconf 81' lang='lat' dir='ltr'>„eine</span> <span class='ocrx_word' id='word_1_331' title='bbox 854 2735 1026 2769; x_wconf 74' lang='lat' dir='ltr'>sehbne</span> <span class='ocrx_word' id='word_1_332' title='bbox 1052 2735 1224 2772; x_wconf 83' lang='lat' dir='ltr'>Seele.“</span> 
     </span>
    </p>

    <p class='ocr_par' dir='ltr' id='par_1_9' title="bbox 201 2792 478 2837">
     <span class='ocr_line' id='line_1_41' title="bbox 201 2792 478 2837; baseline 0.007 -11"><span class='ocrx_word' id='word_1_333' title='bbox 201 2792 266 2837; x_wconf 85' lang='lat'>51)</span> <span class='ocrx_word' id='word_1_334' title='bbox 292 2804 323 2828; x_wconf 87' lang='lat' dir='ltr'>v.</span> <span class='ocrx_word' id='word_1_335' title='bbox 351 2803 385 2827; x_wconf 88' lang='lat' dir='ltr'>n.</span> <span class='ocrx_word' id='word_1_336' title='bbox 419 2792 478 2828; x_wconf 83' lang='lat'>49.</span> 
     </span>
    </p>

    <p class='ocr_par' dir='ltr' id='par_1_10' title="bbox 106 2843 1688 2957">
     <span class='ocr_line' id='line_1_42' title="bbox 200 2843 1688 2901; baseline 0.001 -16"><span class='ocrx_word' id='word_1_337' title='bbox 200 2849 264 2895; x_wconf 86' lang='lat'>52)</span> <span class='ocrx_word' id='word_1_338' title='bbox 289 2862 321 2887; x_wconf 88' lang='lat' dir='ltr'>e.</span> <span class='ocrx_word' id='word_1_339' title='bbox 346 2852 380 2892; x_wconf 80' lang='lat'>5,</span> <span class='ocrx_word' id='word_1_340' title='bbox 406 2852 448 2887; x_wconf 88' lang='lat'>7:</span> <span class='ocrx_word' id='word_1_341' title='bbox 488 2848 507 2894; x_wconf 84' lang='grc' dir='ltr'><strong><em>ἦ</em></strong></span> <span class='ocrx_word' id='word_1_342' title='bbox 530 2848 605 2898; x_wconf 82' lang='grc' dir='ltr'>μὲν</span> <span class='ocrx_word' id='word_1_343' title='bbox 629 2843 699 2886; x_wconf 69' lang='grc' dir='ltr'>οὖν</span> <span class='ocrx_word' id='word_1_344' title='bbox 721 2850 902 2888; x_wconf 73' lang='grc' dir='ltr'><strong><em>ἐποποιΐα</em></strong></span> <span class='ocrx_word' id='word_1_345' title='bbox 927 2852 972 2901; x_wconf 78' lang='grc' dir='ltr'>τῇ</span> <span class='ocrx_word' id='word_1_346' title='bbox 997 2851 1207 2900; x_wconf 74' lang='grc' dir='ltr'><em>τραγῳδίᾳ,</em></span> <span class='ocrx_word' id='word_1_347' title='bbox 1242 2852 1355 2899; x_wconf 78' lang='grc' dir='ltr'><em>μέχρι</em></span> <span class='ocrx_word' id='word_1_348' title='bbox 1386 2852 1509 2900; x_wconf 82' lang='grc' dir='ltr'><em>μόνου</em></span> <span class='ocrx_word' id='word_1_349' title='bbox 1547 2853 1688 2901; x_wconf 77' lang='grc' dir='ltr'><strong><em>μέτρου</em></strong></span> 
     </span>
     <span class='ocr_line' id='line_1_43' title="bbox 106 2904 1247 2957; baseline 0.006 -17"><span class='ocrx_word' id='word_1_350' title='bbox 106 2904 168 2941; x_wconf 72' lang='grc' dir='ltr'>καὶ</span> <span class='ocrx_word' id='word_1_351' title='bbox 194 2905 334 2957; x_wconf 78' lang='grc' dir='ltr'><strong><em>λόγου,</em></strong></span> <span class='ocrx_word' id='word_1_352' title='bbox 359 2912 517 2957; x_wconf 80' lang='grc' dir='ltr'><strong><em>μίμησις</em></strong></span> <span class='ocrx_word' id='word_1_353' title='bbox 540 2904 638 2947; x_wconf 77' lang='grc' dir='ltr'><strong><em>εἶναι</em></strong></span> <span class='ocrx_word' id='word_1_354' title='bbox 664 2921 758 2946; x_wconf 75' lang='lat' dir='ltr'>orto</span> <span class='ocrx_word' id='word_1_355' title='bbox 775 2911 954 2947; x_wconf 80' lang='grc' dir='ltr'><em>υδαίων</em></span> <span class='ocrx_word' id='word_1_356' title='bbox 978 2908 1247 2957; x_wconf 78' lang='grc' dir='ltr'><em>ἠκολούθησεν.</em></span> 
     </span>
    </p>
   </div>
  </div>
 </body>
</html>
