1843 3058
140 29 205 79 10

257 155 440 206 Apparet
480 159 642 204 autem,
681 155 890 197 cardinem
931 156 992 197 rei
1032 156 1191 199 versari
1231 158 1407 208 primum
1448 159 1490 202 in
1520 160 1721 212 interpre-
1754 207 1763 215 ‚

138 224 267 265 tando
305 226 510 267 vocabulo
551 227 663 277 quod
704 230 770 267 est
809 227 898 274 δεῖ,
938 227 1035 268 dein
1074 227 1117 267 in
1157 227 1210 268 iis
1251 239 1361 280 quae
1399 231 1452 272 ad
1491 231 1722 273 orationem

135 294 248 335 iusto
279 296 513 336 breviorem
545 301 587 337 et
617 295 739 348 quasi
768 297 983 347 abruptam
1012 298 1121 339 forte
1152 299 1428 349 suppleveris.
1459 325 1519 334 ·—
1559 303 1621 344 Ac
1641 301 1722 344 Da-

137 363 289 406 cierius
339 364 510 417 quidem
538 365 661 407 facile
698 366 952 419 intellegitur
992 367 1245 419 Sophoclem
1283 368 1474 420 accipere
1512 371 1722 414 dicentem

136 435 331 477 homines
373 437 518 487 quales
569 448 694 477 esse
736 438 940 485 debeant,
993 440 1188 489 suppleto
1237 434 1373 491 εἷναι;
1425 440 1527 481 illud
1566 446 1721 490 autem,

138 505 238 558 quid
280 505 333 546 sit
371 503 421 547 τὸ
463 507 586 559 δέον,
623 507 781 558 regulis
822 507 943 559 quasi
974 507 1137 550 virtutis
1178 510 1268 551 vult
1306 510 1500 561 praecipi.
1576 510 1724 551 Hurdii

137 587 239 616 vero
281 576 493 618 sententia
533 576 614 618 etsi
645 588 697 617 ex
726 577 830 628 ipsis
870 577 1113 628 philosophi
1153 580 1217 619 vel
1256 584 1410 630 poetae
1439 580 1577 622 verbis
1607 579 1722 622 haud

136 645 259 687 facile
309 651 631 699 extorqueatur,
680 648 835 698 poterit
883 653 1022 689 tamen
1061 649 1114 690 ad
1164 648 1476 691 similitudinem
1514 652 1723 704 quandam

137 715 305 757 illorum
337 717 399 758 sic
427 717 517 758 fere
558 717 699 758 reddi:
741 717 843 769 fingi
875 730 900 759 a
930 717 1140 768 Sophocle
1181 718 1372 760 homines
1412 722 1538 769 tales,
1576 722 1723 773 quales

139 797 319 827 necesse
360 787 414 828 sit
451 792 497 828 ut
534 787 723 839 plerique
763 788 978 828 hominum
1022 800 1120 829 esse
1160 789 1412 841 cogitentur.
1480 791 1579 832 Nam
1609 792 1722 842 quod

140 866 237 897 eum
277 856 523 909 Lessingius
566 856 813 898 Germanice
853 857 1046 908 exprimit
1090 858 1434 909 interpretantem
1476 860 1583 907 „die
1609 860 1722 901 Men-

137 926 292 977 schen,
344 926 424 968 wie
465 926 527 967 sie
569 927 688 967 sein
732 928 938 974 sollteu‚“
986 928 1029 967 id
1070 939 1123 968 ne
1163 928 1203 968 ei
1242 928 1408 978 quidem
1457 929 1723 978 explicationi

137 1008 263 1049 quam
295 996 388 1047 ipse
419 995 536 1037 addit
568 995 823 1037 conveniens
856 1001 933 1038 est.
991 996 1065 1036 Cui
1095 1000 1142 1038 ut
1170 996 1457 1048 interpretatio
1489 995 1725 1050 congruere

138 1066 354 1113 videatur,
388 1066 566 1107 debebat
599 1078 683 1106 non
716 1059 829 1108 εἶναι
871 1066 1075 1116 suppleri,
1116 1068 1192 1108 sed
1224 1066 1369 1121 (οἵους
1398 1067 1485 1122 δεῖ)
1516 1062 1723 1122 ἡγεῖσθαι

139 1138 230 1177 sive
269 1132 596 1191 ὑπολαμβάνειν
637 1147 714 1177 seu
753 1137 836 1177 tale
876 1136 989 1188 quid.
1061 1137 1107 1177 Id
1146 1137 1256 1178 enim
1293 1138 1406 1189 quod
1445 1142 1511 1178 est
1540 1135 1590 1179 τὸ
1622 1137 1722 1180 δέον

137 1211 358 1247 revocatur
398 1208 449 1247 ab
480 1205 638 1246 Hui-dio
682 1207 734 1246 ad
775 1205 992 1247 veritatem
1035 1218 1159 1258 quam
1200 1206 1381 1248 mediam
1411 1207 1721 1259 quodammodo

141 1287 240 1317 esse
274 1276 383 1317 inter
413 1288 482 1317 res
515 1276 557 1315 in
587 1280 808 1328 utramque
838 1281 999 1326 partem
1030 1276 1220 1318 diversas
1249 1283 1324 1335 *aut
1352 1289 1434 1318 usu
1470 1276 1722 1329 cognoveris

141 1351 213 1387 aut
252 1345 507 1398 cogitatione
539 1345 770 1386 confeceris
782 1344 847 1399 ⁸³).
917 1345 1098 1386 Hurdius
1140 1347 1266 1398 igitur
1303 1347 1505 1398 intellegit
1546 1344 1595 1388 τὸ
1623 1346 1723 1389 δέον

143 1427 225 1456 non
256 1415 298 1456 id
331 1416 442 1467 quod
475 1416 647 1465 deceat,
689 1416 765 1456 sed
797 1416 909 1467 quod
941 1427 1085 1456 verum
1125 1428 1174 1457 ac
1204 1416 1489 1461 necessarium
1532 1428 1630 1458 esse
1659 1415 1719 1456 in-

144 1486 344 1528 ductione
376 1488 555 1538 quadam
598 1486 827 1538 colligatur.
897 1485 958 1526 Ea
995 1498 1092 1526 num
1135 1488 1339 1528 vocabulo
1379 1487 1540 1528 Graeco
1576 1487 1723 1537 inesse

135 1557 271 1608 possit
302 1557 575 1609 significatio,
609 1557 690 1599 etsi
720 1557 876 1598 nemini
908 1557 1056 1609 opinor
1078 1570 1160 1599 non
1189 1558 1430 1611 ambigitur:
1462 1558 1561 1598 nolo
1581 1561 1719 1599 tamen

136 1722 273 1758 stotelis
298 1727 394 1768 poet.
419 1732 450 1756 c.
468 1722 490 1757 3
518 1719 742 1767 (μιμοῦνται
765 1718 841 1767 γὰρ
865 1717 986 1766 ἄμφω
1012 1718 1279 1764 σπονδαίους);
1305 1722 1548 1764 quemlocum
1572 1732 1593 1755 a
1620 1722 1721 1757 nobis

137 1793 205 1818 non
225 1782 311 1816 nihil
336 1782 455 1816 facere
479 1781 570 1815 infra
595 1781 871 1815 evincemue.—
895 1782 980 1815 Ber
991 1781 1126 1823 gkius
1150 1792 1255 1826 porro
1281 1781 1376 1824 quod
1390 1780 1536 1825 protulit
1553 1776 1722 1815 iudicium

137 1843 161 1875 l.
182 1851 213 1875 c.
240 1850 277 1884 p.
295 1839 510 1883 xxxvn„
545 1838 772 1873 Mueller-o
798 1848 819 1872 a
844 1839 946 1873 nobis
971 1849 1142 1883 expresso
1168 1849 1281 1884 prope
1305 1839 1351 1872 ad
1375 1839 1522 1873 verbum
1547 1839 1722 1883 congruit.

138 1900 278 1935 Iudicat
304 1899 420 1942 enim,
453 1897 667 1943 Sophoclem
694 1907 774 1931 cum
800 1907 943 1942 semper
967 1898 1001 1930 in
1027 1896 1184 1932 moribus
1214 1897 1436 1941 ingeniisque
1460 1897 1641 1932 hominnm
1660 1896 1724 1930 fln-

140 1958 268 2005 gendis
295 1962 330 1992 et
357 1956 604 1992 describendis
641 1957 792 1990 eximius
824 1956 970 1995 fuisset,
1004 1957 1074 1990 iam
1100 1961 1342 1991 consummata
1367 1961 1442 1991 arte
1474 1957 1591 1990 omnia
1620 1955 1723 2005 plante

140 2018 187 2052 ad
211 2017 395 2051 veritatem
420 2015 637 2057 adduxisse,
673 2016 738 2049 ita
771 2020 920 2049 tamen
947 2019 993 2048 ut
1019 2016 1292 2059 tragoediae
1324 2013 1605 2058 dignitatem
1630 2024 1724 2049 eer-

138 2088 160 2110 v
173 2082 295 2110 aret:
322 2074 620 2118 quemadmodum
638 2074 829 2119 Dionysius
845 2074 980 2118 Halic.,
1009 2075 1068 2116 qui
1086 2084 1106 2107 a
1123 2074 1277 2117 Bergkio
1300 2073 1488 2116 laudatur,
1512 2071 1725 2118 Σοφοκλῆς,

139 2136 277 2178 inquit,
304 2132 347 2168 ἐν
366 2134 445 2172 τοῖς
470 2132 615 2166 πάθεσι
644 2130 831 2178 διήνεγκε,
856 2131 908 2166 τὸ
934 2132 1028 2166 τῶν
1051 2128 1323 2177 προσώπων
1346 2128 1533 2178 ἀξίωμα
1557 2131 1722 2177 τηρῶν.

140 2213 188 2220 --
211 2193 376 2228 Ceterum
401 2193 603 2236 nuperrime
630 2193 729 2228 Alb.
755 2193 1044 2236 Lindnerus‚
1070 2203 1089 2225 a
1115 2202 1184 2235 quo
1208 2190 1440 2235 „cothurnus
1459 2190 1680 2236 Sophoclem
1691 2190 1726 2234 ‚“

140 2254 200 2296 qui
226 2252 431 2286 inscribitur
455 2251 617 2293 libellus,
652 2252 883 2286 adumbratus
909 2257 964 2285 est
995 2250 1126 2294 (Berol.
1153 2249 1283 2292 1860),
1318 2250 1495 2284 subtiliter
1527 2251 1596 2284 sibi
1627 2250 1726 2283 visus

142 2315 197 2345 est
222 2311 425 2345 discernere
452 2309 503 2353 (p.
525 2309 584 2353 13)
624 2310 809 2353 „wnhre
841 2308 1032 2343 Menschen
1069 2307 1141 2342 und'
1176 2307 1461 2342 wirkliche.“
1510 2308 1584 2342 Hoc
1609 2311 1725 2341 autem

141 2372 282 2406 nomine
309 2368 484 2412 quomodo
511 2368 690 2414 appellare
716 2368 893 2413 potuerit,
919 2379 1006 2411 quos
1031 2370 1109 2413 ipse
1136 2368 1222 2401 dicit
1246 2367 1371 2401 aetatis
1392 2367 1526 2401 artibus
1551 2371 1586 2400 et
1609 2370 1728 2401 aueto-

139 2430 245 2462 ritate
271 2428 339 2461 iam
368 2427 532 2470 fucatos,
560 2428 621 2461 vix
648 2424 828 2471 intellego.
864 2427 916 2459 De
939 2426 1000 2459 illo
1025 2426 1196 2459 vocabulo
1223 2435 1292 2459 non
1308 2434 1489 2470 repugno:
1516 2433 1726 2468 quamquem

140 2486 258 2521 verbis
282 2497 406 2531 parum
433 2485 626 2529 proficitur.
664 2486 787 2528 Neque
813 2496 896 2519 vero
924 2495 1014 2528 opus
1035 2485 1089 2517 illi
1107 2491 1182 2518 erat
1207 2485 1254 2518 ad
1278 2484 1504 2517 vernaculum
1529 2491 1726 2516 sermonem

144 2545 347 2588 confugere.
408 2544 531 2577 Possis
557 2553 643 2577 sane
678 2544 803 2578 eodem
837 2545 913 2577 iure
958 2544 1181 2584 discernere,
1225 2541 1445 2587 sophoclem
1487 2539 1604 2575 mores
1647 2549 1726 2574 esee

143 2613 284 2644 eorum,
319 2604 378 2645 qui
410 2614 520 2637 vere
553 2602 714 2636 homines
740 2604 833 2644 sint,
858 2602 1069 2647 Euripideos
1090 2602 1213 2645 quales
1238 2611 1286 2634 re
1309 2610 1420 2633 vera
1453 2604 1548 2634 sunt.
1596 2600 1727 2633 Verum

146 2661 226 2695 nolo
252 2661 414 2703 equidem
439 2662 618 2697 ludentem
644 2662 826 2696 vocabulis
859 2662 1008 2706 insuper
1040 2661 1182 2695 ludere:
1218 2659 1398 2704 idipsum
1433 2658 1632 2701 quaeritur,
1667 2658 1728 2700 qui

145 2722 217 2755 eint
241 2721 299 2755 isti
331 2732 412 2755 vere
437 2722 619 2756 homines:
646 2722 902 2757 accuratiorem
926 2721 1037 2766 igitur
1060 2731 1116 2755 res
1142 2720 1258 2766 poscit
1283 2718 1577 2762 disquisitionem.

241 2779 302 2823 23)
344 2779 397 2816 cf.
423 2780 647 2824 Lessingium
674 2780 696 2816 l.
717 2791 748 2815 c.
775 2791 811 2825 p.
832 2781 920 2823 295,
955 2790 1114 2823 quaeque
1149 2779 1192 2813 ab
1231 2788 1273 2812 eo
1307 2778 1341 2810 in
1377 2777 1618 2821 superioribus
1650 2775 1731 2810 libri

145 2839 308 2883 partibus
333 2838 378 2871 de
402 2838 535 2872 Hurdio
567 2844 800 2883 exponuntur.
