1843 3058
1676 85 1705 134 3

127 219 324 262 defessus
345 224 491 267 aeque
532 225 582 254 ac
621 209 867 257 lacessitus,
908 220 991 261 quo
1030 210 1166 261 ipsum
1207 208 1543 252 adversariorum
1586 211 1709 251 ardor

130 301 181 333 ac
205 297 373 340 pugnae
413 284 646 326 necessitas
687 285 881 329 vocaret,
925 292 977 322 eo
1019 282 1215 331 abreptus
1254 281 1441 323 certandi
1474 281 1614 322 studio
1657 293 1706 321 se

129 360 403 401 converteret.
462 355 608 406 ltaque
638 361 732 392 cum
763 360 969 402 nusquam
1009 350 1268 392 diuturniore
1306 350 1587 401 perfrueretur
1621 350 1707 392 otio

128 427 466 478 tid-perficienda
494 422 653 476 ingenii
684 432 811 470 opera
842 421 1052 472 aliquanto
1083 421 1241 461 maiora
1259 420 1316 474 ⁰),
1348 421 1390 461 in
1424 421 1703 473 singularibus

129 497 443 551 quaestionibus
473 494 667 546 princeps
698 490 932 532 criticorum
962 490 1110 532 extitit.

244 579 333 620 Jam
365 586 463 617 vero
494 575 608 627 quod
637 574 707 614 ille
738 579 980 623 susceptum
1012 572 1138 612 modo
1170 573 1318 613 abiecit
1361 584 1531 620 munus,
1583 574 1625 613 id
1665 573 1705 612 in

130 653 197 689 me
225 651 469 697 recepturus
502 655 638 690 eram,
669 648 716 684 ut
747 642 914 684 adiutus
946 652 1089 682 eorum
1121 640 1191 693 qui
1220 640 1336 682 illum
1368 647 1408 682 et
1441 642 1576 683 secuti
1610 648 1703 682 sunt

129 719 172 757 et
202 719 477 757 excesserunt
508 713 658 755 studiis
688 713 731 753 in
763 711 1009 764 antiquitate
1056 723 1209 763 magno
1245 722 1337 751 cum
1368 711 1504 752 smctu
1536 713 1709 752 colloca-

126 785 181 833 tis
200 784 366 826 viudicia
396 789 585 826 veterum
616 783 669 824 de
700 782 909 834 Sophocle
941 780 1115 827 collecta
1151 780 1362 831 explicata
1393 780 1598 832 disposita
1627 782 1708 822 iam

129 855 182 895 ad
210 853 396 895 iudicum
428 844 589 895 aetates
622 858 747 905 atque
776 852 950 903 ingenia
981 851 1192 891 referrem.
1236 851 1389 891 Vemm
1422 850 1574 900 offecit,
1605 863 1708 902 quo-

128 923 265 965 minus
299 919 408 976 quae
437 923 652 976 proposita
692 927 812 964 erant
852 921 1041 973 protinus
1073 921 1126 962 ad
1156 920 1282 961 finem
1310 920 1514 971 perducta
1545 921 1711 963 exhibe-

127 1004 238 1042 rem,
263 995 448 1037 molesta
478 995 683 1048 quaedam
716 997 757 1035 et
788 991 913 1035 anxia
942 991 1169 1039 sedulita8‚
1201 1002 1283 1043 qua
1316 995 1356 1032 et
1385 990 1497 1042 ipse,
1528 991 1599 1033 ubi
1624 1003 1711 1033 rem

128 1064 171 1105 in
200 1064 377 1106 transitu
409 1052 602 1117 attigisse
632 1063 879 1113 sufficiebat,
912 1060 1233 1114 quaestionibus
1266 1061 1403 1103 subito
1438 1060 1602 1103 iniectis
1623 1062 1712 1103 diu—

129 1133 213 1174 tius
241 1132 468 1174 immorans
501 1132 691 1173 sevocari
722 1144 791 1172 me
822 1145 846 1172 a
877 1132 1012 1181 capite
1053 1136 1095 1172 et
1134 1143 1297 1171 summa
1336 1131 1397 1171 rei
1438 1143 1486 1172 ac
1525 1131 1714 1172 distineri

131 1202 225 1252 plus
257 1214 393 1253 aequo
423 1201 570 1253 patior.
635 1202 901 1243 Accedebant
933 1205 1072 1241 autem
1104 1201 1158 1240 ad
1186 1186 1464 1251 importunam
1481 1201 1591 1242 hanc
1613 1213 1713 1241 con-

131 1271 420 1320 suetudinem,
453 1283 579 1324 quam
613 1271 820 1313 sentimus
852 1271 1013 1313 facilius
1046 1282 1171 1323 quam
1200 1270 1515 1323 relinquimus‚‘
1538 1271 1712 1312 difficul-

130 1345 239 1384 tates
270 1341 383 1383 haud
415 1341 595 1394 exiguae
626 1353 735 1394 quae
763 1341 805 1382 in
837 1341 930 1398 ipso
963 1344 1210 1394 argumento
1238 1340 1404 1391 positae
1436 1346 1545 1383 sunt.
1602 1342 1712 1382 Con-

135 1416 326 1462 spectum
371 1411 482 1452 enim
530 1412 658 1453 edere
702 1411 886 1452 iudicum
933 1417 975 1452 et
1020 1411 1289 1462 iudiciorum,
1343 1412 1506 1464 qualem
1554 1413 1712 1454 dudum

112 1482 396 1533 paraveram,
456 1485 677 1535 antequam
718 1492 889 1547 “mk—³„
911 1481 1030 1523 Ferd.
1072 1480 1282 1522 Schultzio
1325 1482 1369 1521 V.
1410 1481 1459 1522 D.
1496 1486 1712 1525 tractatam

134 1550 670 1608 esse'cognosceremu),
709 1551 791 1593 iam
834 1551 986 1593 nullius
1018 1553 1104 1592 fere
1146 1551 1307 1604 negotii
1339 1557 1424 1593 est:
1464 1564 1609 1594 verum
1642 1555 1711 1595 ob-

132 1625 248 1663 ortae
277 1627 377 1663 sunt
406 1622 461 1663 de
481 1622 622 1664 multis
645 1621 784 1663 causis
804 1621 986 1663 virorum
1007 1622 1226 1663 doctorum
1248 1622 1575 1671 controversiae,
1607 1636 1711 1675 quas

132 1690 213 1743 qui*
233 1691 444 1741 respicere
474 1692 601 1740 nolit,
634 1701 802 1732 manum
831 1691 971 1742 potius
1003 1692 1056 1732 de
1087 1692 1226 1732 tabula
1256 1692 1447 1733 retineat.
1488 1693 1549 1733 Ac
1578 1694 1707 1734 maxi-

134 1770 204 1802 me
241 1760 411 1827 quidem
451 1761 581 1814 idque
620 1762 745 1805 etiam
787 1761 1025 1813 nuperrime
1065 1761 1107 1801 in
1148 1761 1370 1803 discrimen
1413 1768 1560 1804 vocata
1602 1770 1712 1816 sunt,

131 1830 248 1882 quae
258 1830 360 1881 ipse
391 1830 622 1882 Sophocles
655 1833 709 1874 de
740 1837 830 1874 arte
851 1832 1028 1889 tragica
1030 1831 1434 1893 SQQQe
1439 1834 1498 1880 de
1517 1835 1629 1875 Aes
1528 1834 1715 1894 „ayn

130 1902 172 1941 et
199 1897 410 1951 Euripidis
441 1901 595 1943 viisstute
621 1903 787 1953 poetica
822 1901 1072 1944 vociferatus
1105 1907 1182 1943 est.
1239 1901 1307 1943 Sic
1346 1903 1410 1944 de
1451 1902 1715 1954 Sophocle

129 1977 257 2011 suae
288 1970 424 2011 artis
454 1970 807 2013 aestimatore
839 1972 1032 2024 quaestio
1068 1970 1258 2019 offertur,
1303 1984 1412 2024 quae
1445 1978 1485 2014 et
1515 1974 1716 2024 peculiati

132 2044 232 2082 cura
262 2040 390 2093 digna
423 2040 615 2082 videatur
647 2046 688 2084 et
727 2053 881 2091 novas,
923 2041 965 2083 ni
1006 2047 1160 2084 eventu
1202 2043 1458 2097 deterrea1·‚.
1481 2044 1714 2085 studiorum

130 2108 219 2151 vias
253 2110 355 2151 mihi
385 2110 557 2161 aperiat.

246 2203 308 2246 De
349 2204 616 2256 Sophocle
665 2212 807 2248 autem
857 2219 935 2247 suo
982 2206 1116 2257 ipsius
1158 2206 1426 2250 aestimatore
1467 2209 1713 2251 ordiendum

132 2272 229 2322 erit,
277 2274 314 2315 si
360 2275 454 2329 quis
501 2274 599 2329 quid
647 2281 811 2318 veteres
859 2278 912 2318 de
963 2277 1032 2317 illo
1084 2277 1324 2319 censuerint
1367 2290 1559 2338 enarrare
1602 2281 1711 2321 velit.

129 2340 291 2386 Dixerit
342 2357 446 2386 sane
496 2344 720 2398 quispiam,
779 2346 903 2388 etiam
953 2352 1050 2389 ante
1096 2347 1232 2398 ipsum
1282 2354 1451 2399 poetam
1489 2350 1715 2392 iudicatum

128 2412 345 2476 fuissffde
375 2412 561 2465 partibus
595 2416 804 2457 nonnullis
845 2417 888 2457 in
929 2417 1078 2469 quibus
1118 2430 1185 2458 ars
1224 2417 1335 2458 illius
1369 2419 1602 2461 constiterit
1635 2426 1713 2461 tra-

224 2576 265 2620 6)
290 2578 460 2612 Nimirum
488 2579 531 2613 de
554 2579 682 2614 fabulis
709 2580 861 2613 scenicis
901 2590 1046 2622 quarum
1072 2581 1253 2626 principes
1287 2592 1425 2616 summa
1458 2583 1574 2617 adhuc
1609 2585 1713 2619 laude

131 2633 276 2678 florent,
302 2636 337 2670 iu
361 2636 431 2672 hac
457 2638 664 2680 quaestione
694 2648 763 2672 non
789 2644 1095 2674 commemoratur.
1145 2641 1287 2674 Librum
1313 2652 1395 2675 vero
1417 2642 1628 2676 Laocoontis
1657 2654 1713 2677 no-

130 2691 228 2725 mine
248 2700 411 2729 ornatum
444 2704 558 2738 oeque
592 2705 634 2729 ac
659 2695 765 2730 alium
800 2707 868 2739 quo
902 2697 1125 2732 Didascaliae
1151 2700 1440 2733 Hammonieuses
1477 2702 1714 2746 continentur,

129 2748 217 2783 altos
245 2751 398 2797 denique
424 2755 694 2790 commentarios
724 2755 851 2790 multos
878 2766 946 2791 non
974 2758 1019 2792 ad
1049 2769 1130 2792 eum
1152 2758 1258 2793 finem
1284 2759 1495 2804 perductum
1524 2771 1625 2799 esse,
1654 2761 1713 2803 qui

131 2812 207 2842 erat
222 2814 491 2858 praescriptus·
522 2825 567 2848 ex
592 2815 681 2859 ipsis
705 2815 758 2848 eis
784 2814 883 2850 libris
909 2818 996 2851 satis
1022 2823 1174 2852 constat.

224 2878 298 2923 61³.)
326 2880 427 2918 Ferd.
456 2883 598 2918 Schultz
627 2884 1030 2951 dOEa‘Sophoclts
1034 2898 1063 2922 c.
1053 2888 1161 2949 XV
1163 2899 1223 2950 p.
1240 2887 1306 2922 163
1326 2898 1379 2930 sq.

1371 2949 1430 2987 μ
