1843 3058
132 49 194 98 18

127 174 396 215 desideretur
435 185 589 214 sensus
628 172 710 213 loci
747 173 837 214 hic:
888 185 995 221 „res
1034 186 1118 214 non
1157 186 1280 216 veras
1323 175 1361 216 si
1392 175 1486 227 quis
1524 174 1709 216 imitatus

127 244 181 284 sit
212 248 362 294 poeta,
395 248 614 293 peccatum
647 242 817 293 quidem
850 254 949 285 esse
982 243 1175 294 omnin03
1209 246 1287 287 sed
1318 250 1433 287 recte
1463 245 1642 294 habere,
1675 244 1713 284 si

127 325 179 354 ea
215 313 400 355 imitatus
445 313 500 354 sit
546 323 654 364 quae
693 311 955 370 deceat“³⁰).
1033 313 1102 355 Sic
1141 314 1212 356 ubi
1256 315 1393 355 locum
1433 314 1710 367 expediveris,

125 383 281 433 optime
317 384 354 423 is
405 383 530 432 etiam
579 394 672 422 cum
718 383 954 433 posteriore
995 385 1096 441 loco⁴
1136 385 1173 437 ξ.
1215 384 1270 425 28
1322 389 1548 437 congruet,
1593 383 1711 426 cuius

125 455 305 495 eandem
338 453 591 494 sententiam
624 463 723 494 esse
745 458 883 504 *supra
913 452 1140 495 effecimus.
1208 454 1339 503 Quem
1370 455 1483 505 quod
1512 453 1711 495 Herman-

125 536 227 570 nus,
258 525 388 574 probe
419 524 470 565 ab
502 522 595 574 ipso
626 521 909 572 intellectum,
940 524 1165 565 dilucidius
1196 536 1222 566 a
1250 524 1505 577 philosopho
1531 523 1589 566 ait
1612 535 1710 565 esse

125 594 425 645 compositum,
467 595 518 635 ab
548 593 628 635 hac
660 594 829 645 quidem
860 600 978 645 parte
1017 594 1101 636 iam
1131 595 1253 637 nobis
1296 607 1390 637 cum
1421 608 1472 637 eo
1504 593 1710 636 convenit.

243 678 398 718 Verum
429 675 627 727 quoniam
661 680 807 717 contra
835 676 949 717 illum
981 675 1100 718 inviti
1130 681 1291 718 tantum
1319 687 1458 728 neque
1476 679 1561 718 ullo
1582 676 1708 717 modo

124 759 247 798 pares
292 746 622 797 disputavimus,
672 746 1013 788 contentionibus
1059 746 1200 788 missis
1247 759 1495 790 revocamur
1533 748 1586 789 ad
1614 758 1709 798 pro-

126 818 262 868 prium
301 816 385 857 hoc
427 828 606 865 munuS,
655 822 703 858 ut
740 817 784 857 id
823 817 937 867 quod
981 817 1150 857 tandem
1189 817 1380 860 effectum
1421 823 1507 868 est,
1543 816 1709 859 veniam

124 887 213 929 dari
251 888 302 928 ab
334 886 562 929 Aristotele
600 891 755 937 poetae
788 887 858 939 qui
897 898 966 929 res
999 899 1082 928 non
1113 898 1237 928 veras
1273 887 1507 929 imitatione
1538 898 1708 938 expres-

123 957 248 1005 serit,
281 957 408 997 modo
440 957 631 998 decuerit
656 956 715 998 ita
741 962 786 998 ut
811 957 1115 1021 imitatffit,
1145 957 1187 997 in
1215 956 1709 1019 ”OQP-,EPJRRPOUO

124 1040 202 1068 suo
242 1026 376 1077 ipsius
416 1026 556 1068 iudice
596 1026 890 1078 quaestionem
934 1032 1242 1069 convertamus.
1317 1014 1566 1069 Monentemss
1596 1025 1707 1068 enim

120 1099 203 1138 iam
234 1098 395 1137 dudum
425 1103 468 1137 te
500 1097 651 1136 audio:
706 1098 936 1147 Quousque
968 1095 1168 1137 tandem?
1219 1098 1326 1146 Quid
1357 1097 1485 1149 igitur
1516 1096 1706 1138 effectum

123 1168 221 1214 erit,
260 1167 332 1208 ubi
364 1166 602 1209 Aristotelis
642 1167 894 1209 sententiam
934 1173 1050 1209 recte
1089 1165 1388 1210 constitueris?
1456 1167 1611 1218 Nempe
1647 1165 1708 1206 in·

122 1238 391 1279 stitueramus
430 1237 544 1277 viros
582 1238 731 1278 doctos
784 1238 1089 1279 contendentes
1131 1236 1398 1291 deuotione
1435 1236 1546 1277 illius
1595 1235 1707 1286 quod

122 1307 354 1359 Sophocles
387 1306 512 1349 dixit:
545 1301 606 1350 οἷ
613 1323 671 1351 ον
699 1308 729 1350 δ
736 1312 797 1350 εἴ.
858 1308 943 1349 lam
973 1313 1020 1350 ut
1050 1308 1132 1349 hoc
1160 1307 1459 1359 perspiciatur,
1493 1306 1705 1359 aliquanto

120 1379 292 1429 propius
325 1377 602 1418 accessimus:
636 1388 760 1428 quem
791 1379 844 1418 ad
875 1379 1001 1419 finem
1027 1380 1141 1419 nullo
1168 1379 1294 1419 modo
1311 1382 1559 1428 perventum
1578 1380 1708 1422 esset,

123 1461 205 1489 non
246 1447 404 1490 reiecta
433 1447 661 1490 Hermanni
691 1447 924 1497 sententia,
966 1458 1090 1501 quem
1130 1460 1257 1500 supra
1287 1444 1704 1491 commemoravimus

122 1533 214 1561 eam
245 1520 477 1561 doctrinam
517 1520 810 1568 exhibentem,
849 1526 895 1560 ut
924 1509 1101 1570 peccare
1139 1520 1346 1560 iudicetur
1380 1519 1452 1569 qui
1480 1519 1588 1558 salsa
1615 1516 1705 1556 imi-

118 1594 229 1631 tatus
280 1588 333 1629 sit
384 1598 518 1640 eaque
566 1589 741 1636 decora,
791 1599 968 1639 peccare
1009 1588 1255 1640 Sophocles.
1334 1588 1489 1630 Contra
1530 1597 1584 1628 ex
1623 1596 1704 1637 quo

120 1659 407 1707 ostendimus,
448 1658 615 1700 veniam
646 1659 736 1705 dari
767 1662 818 1701 ab
850 1659 1079 1701 Aristotele
1116 1665 1269 1710 poetae
1301 1658 1511 1701 eiusmodi
1541 1658 1705 1709 qualem

119 1730 244 1769 modo
274 1727 518 1779 posuimus,
557 1728 681 1770 facile
710 1728 958 1782 intelleges,
990 1728 1215 1770 convenire
1251 1739 1424 1780 prorsus
1453 1724 1704 1779 philosopho

120 1801 173 1840 de
205 1800 284 1840 hac
316 1799 603 1840 controversia
635 1812 729 1840 cum
758 1800 852 1850 ipso
883 1807 1032 1851 poeta,
1066 1801 1218 1851 quippe
1246 1800 1318 1850 qui
1347 1799 1429 1839 hoc
1452 1798 1704 1839 vociferatus

119 1870 174 1909 sit
206 1880 290 1908 non
325 1879 408 1919 quo
447 1880 494 1909 se
529 1867 784 1917 incusaret‚‘
810 1867 1162 1919 sed'Eui-ipidem
1192 1874 1240 1910 ut
1278 1872 1469 1915 notaret,
1506 1871 1707 1919 purgaret

117 1951 178 1983 se.
227 1937 291 1980 Ex
321 1938 388 1980 his
420 1944 559 1982 autem
596 1940 694 1981 vide
727 1940 826 1991 quid
851 1940 1164 1991 profecerimus.
1215 1939 1413 1980 Nimirum
1436 1940 1547 1991 quod
1574 1938 1704 1985 aiunt,

117 2010 183 2049 sui
214 2020 423 2060 quemque
453 2010 653 2060 optimum
686 2022 786 2051 esse
814 2010 1105 2060 interpretem:
1150 2010 1347 2062 quoniam
1379 2008 1605 2060 Sophoclei
1644 2007 1704 2047 iu-

210 2196 272 2240 36)
307 2196 409 2237 Quod
442 2196 508 2229 hac
542 2196 586 2229 dc
620 2205 728 2230 causa
763 2196 946 2230 effecimus
979 2207 1059 2231 esse
1095 2196 1297 2241 philosophi
1322 2196 1516 2238 iudicium,
1541 2195 1596 2231 vel
1620 2195 1702 2241 inde

114 2255 320 2300 agnoscitur
345 2254 620 2295 Aristotelenm,
662 2255 757 2297 quod
782 2255 998 2290 simillimum
1025 2256 1202 2299 reperitur
1227 2254 1258 2289 ei
1294 2256 1388 2297 quod
1416 2256 1460 2290 de
1485 2256 1642 2298 peccatis
1667 2255 1701 2288 in

113 2316 193 2359 ipsa
219 2318 319 2354 arte,
344 2313 382 2346 id
409 2316 465 2346 est
489 2312 523 2344 in
550 2312 751 2356 mythorum
779 2314 1056 2357 compositione,
1097 2312 1297 2346 commissis
1323 2323 1369 2345 ex
1395 2313 1596 2347 Aristotelis
1624 2322 1704 2346 sen-

112 2372 222 2407 tentia
245 2370 459 2416 protulimus
485 2366 525 2415 p.'
541 2370 596 2405 29.
650 2370 744 2406 Neve
776 2371 919 2407 incuses
945 2382 1031 2414 nos,
1067 2371 1163 2416 quod
1188 2371 1396 2406 audaciores
1416 2372 1528 2407 simus
1545 2372 1581 2406 in
1597 2371 1703 2406 inter-

113 2431 307 2476 pretando,
340 2430 534 2464 tenendum
568 2435 622 2463 est
659 2441 737 2463 cum
774 2432 973 2466 Hermanno
1016 2431 1144 2476 (praef.
1174 2442 1209 2475 p.
1232 2432 1279 2474 111
1309 2432 1399 2476 ss.)‚
1445 2432 1552 2467 citato
1587 2441 1702 2474 usque

115 2491 249 2524 calamo
283 2490 326 2523 ab
353 2489 546 2523 Aristotele
572 2488 662 2522 haec
689 2495 834 2524 exarata
862 2501 964 2532 esse,
1002 2491 1036 2523 in
1064 2490 1192 2532 quibus
1226 2491 1294 2524 alia
1329 2501 1470 2533 quoque
1496 2500 1607 2533 eaque
1633 2500 1700 2523 non

112 2550 227 2582 minus
254 2548 458 2581 necessaria
484 2547 641 2580 membra
668 2548 933 2589 desiderantur,
974 2548 1082 2583 veluti
1116 2549 1161 2582 ad
1194 2546 1264 2581 ἐὰν
1294 2546 1511 2594 ἐπιτιμᾶται
1534 2547 1703 2592 supplen-

114 2608 196 2640 dum
236 2612 290 2640 est
323 2604 343 2638 ὃ
381 2603 554 2650 ποιητής,
588 2606 633 2639 ad
669 2617 709 2640 ea
744 2617 835 2650 quae
871 2612 1069 2651 sequuntur
1102 2602 1161 2640 ὅτι
1195 2601 1263 2641 οὔκ
1307 2601 1429 2648 ἀληθῆ
1463 2605 1700 2650 supplendum

111 2663 265 2708 ἐποίησε
290 2665 344 2698 vel
369 2662 596 2711 ἐμιμήσατο.
648 2666 805 2709 Denique
831 2677 910 2700 cum
936 2666 1090 2710 plurima
1116 2665 1280 2709 exempla
1306 2665 1479 2706 doceant,
1505 2664 1700 2704 sententias

112 2723 314 2758 Aristotelis
348 2724 441 2757 iusto
478 2724 593 2767 magis
628 2725 798 2768 abruptas
834 2726 1037 2759 referendas
1077 2735 1157 2758 esse
1184 2723 1228 2757 ad
1256 2734 1316 2756 eas
1354 2733 1445 2766 quae
1473 2722 1699 2765 antecedant,

112 2793 157 2815 ex
192 2781 320 2823 quibus
354 2783 614 2825 compleantur,
649 2788 722 2816 tum
760 2784 933 2817 eiusmodi
968 2784 1066 2817 locus
1102 2784 1233 2826 legitur
1267 2783 1299 2814 in
1336 2783 1401 2815 hoc
1436 2782 1552 2826 capite
1589 2780 1623 2825 ᾖ
1641 2780 1699 2821 28,

112 2839 205 2873 unde
232 2839 339 2873 modo
365 2839 618 2883 adscripsimus
646 2853 680 2875 n.
704 2843 761 2878 34.
