1843 3058
116 28 148 81 8

116 158 254 199 doctis
289 158 527 208 explicandi
560 170 690 199 causa
717 158 760 199 in
792 158 905 200 hunc
933 160 1073 201 locum
1104 166 1309 212 congesta
1348 161 1451 203 sint:
1495 161 1539 201 in
1565 161 1704 203 ¹disee-

114 227 348 278 ptationem
379 231 530 269 vocata
561 233 627 269 est
657 240 709 269 ea
739 228 972 277 sententia,
1005 241 1098 270 cum
1129 231 1276 271 seculo
1299 231 1382 273 hoc
1405 230 1543 282 priore
1562 230 1704 278 Gallis,

115 297 187 349 qui
228 298 397 349 quidem
444 298 525 339 soli
565 298 835 340 Aristotelem
882 299 962 340 sibi
1001 299 1271 341 videbantur
1300 300 1477 353 eiusque
1520 302 1580 343 de
1607 305 1705 343 arte

113 368 282 420 poetica
320 368 585 411 intellexisse
631 368 888 419 docti-lnam,
937 370 1183 424 Lessingius
1235 370 1445 422 coepisset
1490 371 1702 425 refragari.

116 439 526 480 Commemoraverat
546 439 657 480 enim
687 441 741 480 de
767 440 879 481 dicto
899 439 969 481 illo
991 440 1213 492 Sophoclis
1244 441 1704 500 Dacierius,'›quem

115 508 362 561 Lessingius
403 509 513 550 hanc
552 509 594 549 in
637 514 820 551 mentem
860 509 1016 552 abiisse
1058 511 1206 564 tradit,
1251 517 1297 554 ut
1327 511 1600 555 contenderet
1629 511 1704 553 So·

113 579 331 630 phoclem,
362 592 454 620 cum
476 592 683 630 personas
704 580 944 622 institueret
964 583 1111 632 quales
1133 594 1231 623 esse
1254 583 1474 631 deberent,
1505 582 1704 623 maluisse

113 650 185 690 illa
216 649 417 702 effingere
460 650 511 691 ad
554 661 663 702 quae
705 650 899 692 homines
939 650 1114 703 ingenui
1151 664 1201 693 ac
1230 651 1431 694 liberales·
1458 652 1704 704 aspirarent,

115 732 239 772 quam
278 732 389 772 quae
421 720 501 767 illi,
543 721 669 763 ut.in
708 732 847 762 rerum
880 726 1049 770 natura,
1097 722 1207 764 facta
1237 722 1480 778 ederent¹⁸).
1541 724 1704 776 Anglus

116 794 259 831 contra
291 789 552 842 Hurdius,
596 795 900 832 commentatus
939 792 1009 832 ille
1048 792 1090 831 in
1121 792 1281 834 Horatii
1309 793 1452 834 Artem
1480 792 1703 843 Poenam,

117 872 209 901 cum
243 861 296 902 de
327 860 505 902 veritate
536 860 768 903 dissereret
805 862 994 912 poetica,
1039 862 1240 904 iudicium
1279 865 1330 905 ab
1362 862 1587 905 Aristotele
1623 867 1704 905 tra·

116 932 247 972 ditum
277 930 339 971 sic
371 935 460 972 erat
488 931 810 982 interpretatus,
842 937 913 980 ut,
943 932 1099 974 relictis
1128 938 1299 983 propter
1321 933 1478 974 varium
1500 945 1549 974 ac
1569 934 1704 975 multi-

114 1001 264 1054 plicem
295 1001 405 1042 vitae
435 1013 560 1042 usum
588 1001 739 1043 finibus
771 1001 825 1041 iis
858 1002 1007 1054 quibus
1038 1003 1127 1044 sere
1157 1003 1426 1045 continentur
1446 1003 1516 1055 qui
1544 1015 1703 1054 paucos

116 1078 277 1114 tantum
308 1072 504 1113 homines
536 1084 677 1125 neque
709 1085 783 1113 eos
827 1086 936 1114 cum·
962 1073 1053 1115 aliis
1097 1078 1359 1125 comparatos
1390 1073 1604 1122 noverint,
1643 1074 1705 1115 in-

116 1144 387 1196 tellegeretur
413 1143 648 1194 Sophocles
680 1144 809 1185 totius
839 1144 1011 1197 generis
1042 1144 1213 1187 humani
1242 1144 1296 1186 ad
1321 1144 1547 1197 imaginem
1573 1156 1706 1198 quan-

116 1215 212 1254 dam
254 1214 394 1255 animo
442 1214 727 1256 adumbratam
770 1215 990 1265 evolasse;
1038 1214 1261 1265 Euripides
1302 1220 1463 1263 autem,
1516 1217 1704 1268 quamvis

116 1284 298 1325 maxime
327 1284 622 1335 philosophiae
654 1284 822 1326 deditus
855 1296 963 1336 quae
994 1284 1243 1326 universalis
1275 1285 1387 1327 vitae
1418 1289 1585 1336 poterat
1604 1297 1705 1328 esse

118 1354 341 1406 magistra,
383 1359 523 1395 tamen
556 1354 754 1406 quoniam
794 1354 905 1395 intra
936 1354 1190 1395 Academiae
1226 1355 1333 1395 fines
1364 1360 1529 1405 tempus
1561 1356 1705 1397 vitam-

117 1437 199 1477 que
232 1424 446 1477 degisset,
487 1425 540 1466 ad
572 1423 757 1475 speciem
796 1436 1025 1475 paucorum
1064 1437 1172 1477 quos
1211 1429 1359 1467 nosset
1396 1424 1611 1466 hominum
1643 1426 1704 1467 sic

114 1495 305 1545 protinus
343 1495 575 1537 fabularum
614 1507 754 1536 mores
793 1508 842 1536 ac
879 1507 1085 1546 personas
1130 1495 1431 1547 descripsisse,
1473 1508 1583 1548 quae
1623 1497 1703 1538 etsi

115 1570 285 1616 propter
326 1565 645 1608 similitudinem
685 1565 809 1606 unius
862 1565 1080 1607 cuiusdam
1121 1565 1302 1608 hominis
1351 1578 1477 1609 verae
1526 1565 1703 1617 cuipiam

114 1636 379 1682 viderentur,
412 1635 685 1676 nihilominus
718 1636 946 1677 destitutae
976 1636 1158 1677 fuissent
1177 1637 1405 1686 universali
1428 1637 1500 1677 illa
1524 1637 1702 1686 veritate

116 1716 224 1757 quae
263 1705 361 1757 lege
406 1704 507 1746 artis
560 1704 921 1758 postulabatur¹⁹).
1000 1704 1321 1758 Lessingius
1368 1704 1495 1756 igitur
1540 1704 1705 1758 utrique

117 1775 422 1825 superveniens
464 1775 637 1825 propius
680 1787 785 1815 sane
827 1774 1009 1815 accessit
1051 1775 1207 1814 Hurdio
1247 1786 1327 1817 nec
1356 1778 1495 1815 tamen
1525 1774 1618 1824 ipse
1647 1775 1704 1822 vi-

117 1845 239 1886 detur
270 1844 465 1898 tetigisse
489 1856 629 1908 Q.
692 1843 872 1885 Primum
905 1843 1015 1885 enim
1045 1843 1214 1897 negavit
1243 1854 1382 1885 mores
1414 1843 1583 1885 omnino
1613 1854 1704 1895 per-

113 1916 371 1957 fectissimos
420 1915 633 1966 pertinere
673 1917 725 1957 ad
768 1927 858 1957 eam
902 1915 1071 1968 generis
1107 1915 1290 1957 =humani
1337 1915 1551 1957 notionem
1597 1926 1705 1967 quae

118 1985 273 2028 existat
310 1986 382 2028 ubi
420 1985 464 2027 in
506 1985 821 2037 comparatione
843 1980 1084 2027 ‘inultorum
1123 1984 1268 2027 talium
1306 1985 1451 2037 quales
1481 1984 1571 2027 fere
1609 1990 1707 2026 sunt

116 2056 356 2104 hominum,
401 2056 557 2097 relictis
602 2056 863 2107 singulorum
897 2056 1076 2107 propriis
1117 2052 1189 2097 ant
1218 2055 1331 2096 vitiis
1372 2059 1443 2095 ant
1471 2055 1705 2103 viantibus,

116 2138 167 2167 ea
211 2130 373 2168 tantum
415 2125 649 2168 secreveris
682 2137 789 2178 quae
823 2120 1006 2167 omnium
1046 2125 1131 2167 sint
1163 2124 1417 2167 communia:
1459 2123 1588 2178 idque
1615 2124 1707 2166 iure

118 2202 318 2249 negatum
359 2209 457 2237 esse
495 2196 618 2238 facile
656 2196 716 2237 illi
755 2198 979 2237 concedes.
1058 2197 1212 2237 Verum
1253 2196 1365 2237 idem
1402 2195 1492 2236 iam·
1532 2186 1706 2237 alterum

117 2279 285 2320 quoque
324 2272 475 2319 negat,
518 2278 614 2308 eum
654 2271 823 2317 poetam
869 2266 940 2319 qui
978 2266 1190 2318 perfectos
1229 2264 1446 2307 hominum
1486 2276 1625 2306 mores
1642 2313 1644 2315 ‚
1663 2265 1705 2306 iu

114 2337 266 2379 fabulis
300 2337 495 2379 exhibeat
525 2337 748 2389 Sophoclis
781 2349 879 2378 esse
911 2337 1101 2378 similem.
1157 2336 1269 2390 Ergo
1300 2336 1497 2390 quoniam
1522 2335 1707 2387 positum

116 2412 206 2462 est,
242 2420 406 2448 morum
446 2407 751 2459 perfectionem
793 2408 974 2449 alienam
1023 2419 1121 2449 esse
1161 2409 1210 2449 ab
1259 2406 1490 2448 universali
1537 2405 1706 2458 generis

1282 2486 1303 2494 ιι

215 2596 278 2641 18)
312 2597 463 2631 Dacierii
493 2596 588 2641 apud
615 2597 841 2641 Lessinginm
869 2595 919 2640 (in
937 2595 1104 2629 Didascc.
1131 2594 1340 2628 Hammonn.
1369 2603 1458 2636 quae
1484 2594 1707 2628 continentur

120 2656 276 2700 Operum
300 2656 367 2691 vol.
388 2657 501 2690 XXV.
538 2666 575 2699 p.
596 2655 668 2690 296
689 2656 788 2699 ann.)
815 2656 982 2700 leguntur
1007 2654 1119 2689 haec:
1149 2651 1327 2697 Sophocle
1352 2650 1486 2686 taohait
1511 2653 1556 2686 (le
1581 2653 1707 2687 rendre

119 2725 177 2748 ses
199 2715 394 2748 imitatious
413 2715 601 2758 parfaites,
629 2724 670 2748 en
698 2715 836 2748 suivant
860 2715 1019 2758 touj0urs
1045 2714 1150 2747 bien
1177 2712 1288 2755 plus
1312 2721 1362 2743 ce
1387 2711 1559 2752 qu'une
1584 2711 1707 2744 belle

114 2777 282 2807 nature
308 2774 425 2807 etait
452 2773 655 2817 capable
682 2773 733 2806 de
760 2773 880 2806 faire
908 2783 992 2815 que
1019 2783 1068 2805 ce
1098 2769 1275 2814 qn'elle
1301 2769 1477 2803 faisait.

212 2843 270 2887 19)
307 2844 393 2878 ibid.
421 2855 456 2888 p.
477 2845 545 2880 295
568 2856 597 2878 s.
