1843 3058
137 54 201 104 32

134 181 245 223 tibus
288 183 433 233 quales
475 185 572 222 sunt
603 175 704 224 slva
729 203 788 212 -—u
814 179 972 234 τρίτον
1011 174 1109 236 ἤδη.
1170 179 1331 222 Dixerit
1360 192 1465 243 sane
1496 179 1717 231 quispiam,

135 247 238 292 εἶτα
270 252 428 292 servire
460 263 544 290 non
575 255 810 300 temporum
841 255 1024 297 tantum,
1065 251 1143 291 sed
1184 250 1307 293 etiam
1347 251 1555 294 rationum
1585 247 1721 289 ordini

134 321 445 371 enumerando,
478 314 565 377 ἤδη
595 333 697 362 vero
730 320 970 362 adiunctum
1001 322 1054 362 ad
1083 320 1343 372 participium
1375 323 1494 372 quod
1505 319 1719 373 praecedit

134 388 461 443 διαπεπαιχώς
492 392 619 432 etiam
652 402 702 431 ea
735 390 773 430 vi
806 402 925 437 esse,
958 396 1003 431 ut
1035 390 1277 432 continuum
1298 390 1419 442 quasi
1445 385 1735 443 progressum'

133 461 343 514 significet
373 462 463 503 eius
499 461 569 513 qui
603 463 652 502 ab
685 460 857 502 alterius
878 461 992 501 verbi
1023 461 1187 502 actione
1218 461 1288 501 vix
1314 461 1498 510 perfecta
1527 461 1716 510 protinus

132 531 213 572 iam
247 532 300 572 ad
340 532 511 572 alteram
549 531 769 581 procedat:
810 530 937 580 idque
976 542 1150 580 prorsus
1192 530 1416 572 convenire
1456 530 1719 571 contenderit

134 601 352 652 Sophocli,
392 607 438 643 ut
476 601 548 654 qui
587 600 956 654 grandiloquentia
989 601 1186 654 Aeschyli
1226 600 1367 643 statim
1407 602 1458 643 ab
1495 600 1614 641 initio
1654 612 1718 641 re-

132 672 232 712 licta
273 673 387 712 nullo
427 670 647 713 interiecto
688 670 823 721 spatio
864 671 917 711 ad
948 675 1155 711 moratum
1193 670 1321 721 idque
1352 671 1552 721 optimum
1581 682 1717 723 genus

139 741 381 783 evolaverit.
445 741 597 782 Verum
630 752 725 781 cum
756 739 839 781 sint
870 733 959 795 ἤδη
975 739 1204 791 particulae
1236 741 1315 781 hoc
1335 742 1462 782 modo
1491 745 1718 792 usurpatae

133 812 327 862 exempla
374 810 589 852 rarissima
606 810 681 866 ⁷⁸),
730 816 818 852 tum
863 810 1035 861 propius
1077 812 1255 852 debebat
1296 812 1498 852 accedere
1539 805 1624 867 ἤδη
1664 811 1717 852 ad

132 881 233 922 illud
265 892 445 931 quocum
476 893 562 922 una
591 880 1201 933 intellegereturparticipium.
1263 880 1427 923 Deinde
1459 893 1557 922 vero
1589 881 1625 922 si
1654 886 1716 923 to-

130 950 501 993 tam‘senteutiam
531 951 590 992 ita
621 950 974 1001 comprehendas,
1006 956 1052 991 ut
1082 951 1195 1001 prius
1225 951 1354 1004 illud,
1385 952 1497 1003 quod
1529 956 1594 992 est
1627 950 1716 992 sive

135 1018 464 1073 διαπεπαιχὼς
504 1021 595 1063 sive
626 1021 737 1062 aliud
779 1021 899 1073 quid,
957 1020 1095 1062 subit'o
1137 1026 1337 1063 mutatum
1370 1021 1635 1073 intellegatur
1672 1022 1715 1062 iu

129 1091 481 1142 perfectissimum
500 1091 721 1142 Sophoclis
753 1103 905 1144 genus,
938 1092 1143 1133 molestae
1175 1097 1272 1133 suut
1302 1088 1405 1133 εἶτα
1426 1086 1587 1147 -ἥδη
1619 1104 1715 1133 con-

131 1162 393 1204 iunctiones:
437 1175 546 1215 quae
575 1168 717 1214 partes
758 1168 905 1204 natura
947 1174 1025 1203 sua
1066 1162 1293 1204 intervallis
1333 1162 1484 1214 positis
1522 1175 1715 1216 progres-

136 1244 229 1273 sum
259 1232 318 1273 ita
348 1237 583 1280 morantur,
615 1237 661 1273 ut
693 1232 918 1273 continuus
937 1232 1080 1273 haberi
1110 1232 1180 1272 vix
1201 1233 1348 1282 possit.
1396 1233 1435 1274 Is
1451 1233 1579 1285 igitur
1597 1235 1715 1274 locus

131 1314 256 1355 quem
274 1302 455 1354 legimus
475 1314 624 1343 νει-’θοι
642 1308 687 1344 ut
707 1303 827 1344 alitel
845 1301 1002 1353 percipi
1021 1302 1158 1352 possit
1179 1315 1228 1343 ac
1259 1302 1296 1343 si
1314 1302 1520 1345 revocatis
1540 1299 1643 1347 εἶτα
1657 1328 1716 1336 —-

130 1372 285 1434 τρίτον
314 1365 401 1435 ᾔδη
431 1373 484 1413 ad
515 1378 774 1430 te1np01um
775 1371 1136 1431 consequentiam
1174 1372 1395 1424 intellegas
1419 1374 1481 1434 de
1524 1373 1714 1415 eiusdem

340 1423 485 1437 Μρψ·
487 1422 542 1431 ⁸⁴—ae
1467 1419 1684 1436 «Μ

129 1448 282 1494 poetae
303 1454 574 1504 progressu,
616 1442 687 1494 qui
726 1428 808 1484 alio
847 1447 1039 1492 tempore
1070 1426 1191 1483 aliud
1232 1424 1455 1493 deinceps
1471 1455 1608 1495 genus
1648 1456 1714 1485 as-

163 1491 302 1506 W

130 1510 370 1563 sumpserit.
461 1511 548 1553 Hac
585 1512 712 1564 igitur
749 1514 846 1563 lege
886 1524 1114 1559 concessa,
1155 1506 1241 1566 ἤδη
1283 1523 1368 1552 non
1399 1512 1481 1553 iam
1511 1513 1614 1554 illud
1649 1519 1712 1554 est

130 1583 242 1633 quod
276 1583 407 1622 semel
439 1581 690 1621 adversariis
724 1593 1005 1622 concessurus
1033 1581 1219 1631 partibus
1263 1581 1462 1621 coniunxi
1503 1584 1596 1622 cuin
1622 1594 1713 1633 par-

128 1651 293 1702 ticipio:
326 1651 487 1702 „iam3
520 1650 825 1702 sogleich“,
857 1651 933 1691 sed
968 1652 1080 1701 quod
1099 1651 1169 1690 illo
1201 1656 1388 1701 tempore
1417 1657 1544 1701 poeta
1574 1652 1715 1697 dicere

130 1831 210 1873 quis
237 1839 345 1862 novos
374 1827 497 1862 modos
523 1831 647 1868 canat,
680 1826 796 1859 modis
835 1826 952 1869 potius
978 1836 1081 1868 quam
1117 1827 1290 1870 poematis
1324 1828 1458 1860 animos
1484 1828 1667 1861 advertant
1690 1829 1713 1861 ii

130 1888 191 1931 qui
215 1887 374 1922 audiant.
439 1886 513 1919 lam
538 1885 675 1930 pergit:
715 1881 773 1918 δεῖ
795 1879 834 1917 ‹5’
863 1878 947 1918 οὔτ’
974 1881 1142 1919 ἐπινοεῖν
1166 1881 1208 1918 τό
1235 1884 1407 1919 τοιοῦτον
1432 1882 1516 1920 οὔτε
1540 1881 1715 1932 ὑπολαμ-

109 1944 277 1992 stamm-
305 1938 403 1984 εἶδος
426 1942 502 1990 γὰρ
527 1954 559 1980 κ.
572 1955 603 1977 τ.
615 1942 672 1988 λ.;
712 1953 885 1985 nusquam
912 1944 1004 1977 euim
1030 1944 1065 1976 in
1091 1948 1164 1977 arte
1192 1933 1329 1978 musica
1352 1955 1409 1979 res
1434 1955 1542 1979 novas
1568 1947 1714 1990 moveri,

128 2015 198 2039 non
222 2004 362 2048 legibus
387 2003 492 2037 simul
518 2002 672 2047 publicis
698 2001 935 2036 commutatis.
986 2002 1165 2037 Hactenus
1191 2001 1424 2048 philosophus
1450 2003 1629 2050 disputat:
1655 2004 1715 2048 qui

127 2068 247 2099 autem
273 2064 316 2097 ab
342 2073 384 2097 eo
409 2062 591 2097 inducitur
614 2071 783 2095 novarum
808 2070 925 2095 rerum
951 2061 986 2094 in
1012 2062 1149 2096 musica
1183 2068 1258 2097 arte
1291 2062 1494 2104 studiosus,
1529 2063 1597 2096 etei
1622 2064 1716 2108 cogi-

127 2124 196 2156 tari
222 2123 357 2166 possit,
391 2126 427 2156 et
450 2121 569 2164 ipsum
595 2120 688 2153 hunc
714 2119 931 2162 aliquamdiu
966 2124 1169 2154 contentum
1207 2120 1318 2154 ruisse
1344 2121 1389 2154 iis
1417 2131 1508 2163 quae
1533 2131 1554 2154 a
1578 2122 1717 2155 maiori-

128 2182 195 2214 bus
221 2184 431 2223 acceperat,
470 2183 587 2212 tamen
614 2178 720 2213 cardo
746 2179 797 2211 rei
831 2188 899 2212 non
933 2177 1001 2211 hac
1033 2178 1068 2210 in
1103 2177 1360 2221 vituperatione
1395 2183 1577 2221 versatur,
1620 2180 1715 2223 quod

128 2239 208 2282 quis
237 2248 307 2272 non
332 2247 437 2271 unam
463 2247 504 2270 ac
531 2241 754 2270 constantem
780 2246 867 2270 suae
892 2236 978 2270 artis
1005 2236 1156 2270 tenuerit
1189 2236 1301 2279 viam,
1350 2237 1414 2271 sed
1448 2237 1543 2280 quod
1568 2238 1714 2273 abiectis

127 2298 172 2331 iis
198 2307 289 2340 quae
315 2306 336 2329 a
359 2295 552 2329 maioribus
577 2295 710 2328 tradita
735 2299 859 2338 erant,
894 2304 984 2329 nova
1023 2294 1192 2328 inducere
1217 2299 1366 2330 conatus
1391 2295 1449 2330 sit.
1505 2295 1602 2337 Quae
1635 2306 1716 2330 con·

127 2355 220 2389 dicio
257 2364 363 2397 quam
391 2353 517 2387 similis
554 2354 600 2387 sit
625 2353 814 2398 Sophoclis
849 2354 925 2387 eius
961 2364 1065 2396 quem
1105 2352 1355 2398 Bernhardyus
1389 2354 1573 2397 informat,
1613 2354 1715 2388 facite

126 2414 316 2455 colligitur.
367 2409 635 2456 Μεταβάλλειν
658 2417 754 2445 certe
773 2405 885 2452 εἶδος,
911 2417 950 2445 ut
974 2410 1068 2444 nude
1094 2412 1238 2455 ponitur
1262 2421 1330 2444 uon
1356 2412 1477 2446 addita
1502 2422 1542 2445 ea
1568 2423 1605 2445 re
1625 2422 1715 2455 quae

126 2472 320 2517 mutatione
346 2471 557 2514 abrogetur,
582 2470 719 2503 Platoni
748 2480 816 2504 non
840 2470 872 2503 is
899 2469 1053 2514 dicitur,
1090 2470 1150 2513 qui
1175 2480 1280 2504 suum
1305 2471 1391 2504 artis
1416 2471 1574 2506 musicae
1600 2480 1714 2517 genus

126 2530 296 2565 mutando
315 2529 412 2563 aliud
437 2528 650 2569 reddiderit,
686 2529 749 2562 sed
778 2530 837 2571 qui
863 2529 1061 2563 abalienata
1085 2529 1282 2563 hereditate
1308 2530 1466 2573 priorum
1491 2540 1620 2564 novum
1648 2528 1714 2563 sibi

126 2599 239 2632 genus
266 2588 451 2622 creaverit.
502 2587 622 2628 Itaque
657 2597 702 2619 ex
735 2588 803 2620 hoc
839 2588 944 2621 verbo
979 2588 1054 2620 iure
1090 2597 1167 2620 meo
1201 2588 1328 2630 negavi
1362 2587 1553 2629 quidquam
1590 2585 1713 2620 couflci

126 2657 232 2689 posse
258 2652 379 2679 contra
410 2645 626 2688 Beruliardsi
653 2646 826 2686 rationes,
853 2656 943 2687 quae
969 2656 1051 2678 uum
1077 2645 1219 2678 aliunde
1245 2644 1383 2678 feticius
1411 2650 1610 2686 tententur,
1644 2645 1714 2678 iam

127 2705 281 2747 experiri
307 2703 436 2737 licebit.

221 2785 283 2829 70)
311 2787 449 2828 Kriiger
473 2785 614 2819 Griccli.
643 2784 806 2828 Sprachl.
833 2785 867 2829 ξ.
890 2787 947 2827 56,
978 2787 1042 2825 10,
1068 2787 1103 2819 3.
1166 2786 1307 2830 Noluit,
1345 2785 1441 2818 utin
1469 2784 1637 2829 syntaxi,
1672 2794 1713 2817 ea

126 2845 171 2878 de
201 2856 236 2877 ro
262 2846 404 2878 uberius
431 2854 609 2888 exponere
641 2843 889 2887 Bernhardyus
915 2845 1055 2880 Griech.
1082 2844 1182 2888 Synt.
1212 2856 1245 2888 p.
1264 2844 1334 2879 476
1356 2848 1444 2878 extr.
