1843 3058
151 43 215 92 22

156 170 241 221 ipsi
272 172 471 220 probetur
494 169 702 221 proponit.
749 170 819 211 Sic
849 170 961 211 enim
991 171 1247 213 universalia
1264 170 1462 213 describit
1493 172 1533 218 9,
1554 171 1600 210 4:
1622 166 1742 213 Ἔστι

150 241 199 282 δὲ
232 237 433 282 καθόλου
462 240 565 294 μὲν,
606 235 675 296 τῷ
714 243 857 297 ποίῳ
898 236 957 282 to}
999 237 1127 282 ποῖ’
1147 237 1280 283 ἅττα
1320 243 1611 295 συμβαίνει
1650 239 1743 282 λέ-

151 326 269 365 γειν
306 306 331 361 ἢ
362 307 628 364 πράττειν
658 306 793 352 κατὰ
831 307 888 352 τὸ
922 307 1072 360 εἶκός
1101 307 1126 363 ἢ
1158 309 1215 354 τὸ
1247 306 1565 366 ἆναγκαῖον.
1626 309 1746 360 Quali

155 386 297 422 autem
330 379 469 431 qualia
499 379 642 421 dicere
675 380 918 429 conveniat,
948 380 991 422 id
1023 382 1155 423 altera
1184 381 1353 433 quidem
1372 393 1426 422 ex
1444 385 1562 431 parte
1587 381 1745 432 pendet

154 464 179 492 a
213 462 353 491 rerum
392 461 506 492 nexu
550 461 658 500 quae
697 449 852 502 mythis
893 451 1126 492 traduntur.
1201 452 1293 502 Ipsa
1325 450 1436 492 enim
1467 462 1518 492 ea
1549 462 1656 502 quae
1685 451 1744 492 le-

155 526 311 573 guntur
342 520 403 577 τῷ
432 523 550 577 ποίῳ
582 517 632 562 τὰ
665 525 771 562 ποῖα
803 522 1030 576 συμβαίνει
1064 523 1178 575 κτλ.,
1218 521 1300 562 etsi
1338 532 1454 562 more
1492 520 1745 561 Graecorum

157 590 269 632 dicta
313 595 412 631 sunt
442 595 483 631 et
514 590 772 641 cogitatione
813 591 961 632 confici
998 597 1200 641 possunt,
1240 596 1378 633 tamen
1417 591 1658 642 priusquam
1690 589 1744 630 ad

159 661 351 712 singulas
396 660 706 701 controversias
746 661 905 701 referas
944 673 1123 702 necesse
1164 661 1242 703 erit
1278 666 1326 702 ut
1360 662 1491 703 altera
1519 672 1616 711 pars
1647 660 1744 701 data

158 736 200 771 et
233 729 547 779 circumscripta
579 730 633 770 sit
664 731 716 770 ad
750 741 871 780 quam
904 732 1033 772 altera
1063 732 1278 772 referatur.
1325 731 1462 781 Atque
1491 730 1743 772 Graecorum

157 799 328 849 quidem
366 803 521 849 poetae
558 799 730 851 tragici,
774 800 919 850 quales
962 801 1123 852 fingere
1163 800 1366 841 deberent
1406 800 1448 839 in
1490 799 1638 841 fabulis
1668 798 1744 839 ho·

160 868 319 915 mines,
352 869 603 918 praemoniti
634 875 753 911 erant
784 870 977 922 mythicis
1009 869 1339 919 narrationibus,
1373 881 1397 911 e
1428 869 1577 921 quibus
1609 868 1743 921 qualis

160 938 338 989 quisque
370 938 498 979 heros
530 940 776 990 plerumque
809 939 1010 981 existeret
1040 942 1268 981 constabat.
1340 938 1408 980 Sic
1448 929 1539 980 cum
1577 943 1743 989 poetae,

160 1012 364 1060 quotquot
404 1007 619 1049 hominum
656 1008 932 1051 instituebant
972 1022 1131 1061 mores,
1182 1010 1435 1051 lineamenta
1474 1009 1680 1059 quaedam
1719 1021 1743 1050 e

156 1077 340 1130 mythica
370 1078 492 1128 poesi
524 1079 768 1119 adumbrata
795 1077 1112 1134 acceperint⁴⁶):
1143 1079 1419 1130 philosophus
1440 1078 1534 1118 illos
1555 1083 1742 1127 secutus,

159 1152 364 1199 quotquot
396 1148 589 1198 exempla
620 1147 761 1196 affert,
801 1159 936 1199 aeque
967 1148 1126 1196 omnia,
1172 1161 1258 1189 uno
1290 1153 1468 1198 excepto
1511 1146 1742 1199 Agathonis

155 1217 297 1263 Flore,
348 1228 401 1256 ex
445 1218 654 1257 communi
690 1217 762 1258 illa
805 1217 1043 1269 mythorum
1083 1218 1201 1268 copia
1251 1217 1520 1268 deprompsit.
1599 1216 1742 1267 Neque

155 1298 254 1327 vero
289 1291 460 1328 secutus
493 1292 651 1328 tantum
672 1293 737 1329 est
759 1288 973 1339 vulgarem
995 1287 1364 1335 consuetudinem,
1397 1288 1475 1328 sed
1500 1284 1741 1328 necessario

157 1358 209 1396 ad
263 1369 451 1398 normam
487 1369 650 1405 rerum,
701 1369 809 1409 quae
859 1358 1014 1410 mythis
1064 1358 1352 1405 tradebantur,
1401 1368 1540 1397 mores
1580 1356 1743 1397 confor-

154 1428 331 1468 mandos
377 1439 475 1468 esse
513 1427 596 1468 hoc
634 1429 760 1468 modo
809 1425 1085 1481 praecipit⁴⁷):
1143 1425 1273 1481 „gnei
1307 1428 1354 1469 δὲ
1391 1423 1587 1483 πράξεως
1625 1424 1743 1470 ἐστὶν

157 1493 178 1547 ἢ
209 1500 413 1551 μίμησις,
461 1495 695 1551 πράττεται
737 1498 783 1539 δὲ
822 1494 907 1539 ὕπὸ
948 1499 1075 1540 τινῶν
1112 1494 1411 1553 πραττόντων,
1459 1492 1534 1546 οὓς
1581 1492 1740 1551 ἀνάγκη

154 1564 313 1616 ποιούς
342 1582 462 1616 τινας
491 1560 604 1609 εἶναι
635 1565 742 1609 κατά
776 1583 819 1610 τε
851 1565 899 1609 τὸ
930 1560 1047 1622 ἦθος
1073 1570 1146 1610 καὶ
1179 1564 1255 1622 τὴν
1286 1563 1505 1608 διάνοιαν·
1538 1563 1627 1619 (διὰ
1658 1563 1740 1621 γὰρ

157 1632 318 1679 τούτων
349 1639 422 1679 καὶ
454 1634 530 1686 τὰς
558 1631 741 1693 πράξεις
770 1633 886 1679 εἷναί
910 1653 1051 1693 φαμεν
1076 1635 1209 1687 ποιάς
1228 1638 1383 1690 τινας·)
1416 1636 1603 1692 πέφυκεν
1622 1634 1742 1678 αἴτια

154 1702 233 1748 δύο
268 1708 352 1748 τῶν
382 1704 581 1761 ἃτράξεων
610 1700 749 1759 εἶναι,
790 1704 964 1749 διάνοια
995 1711 1067 1749 καὶ
1100 1700 1254 1759 ἧθος.“
1303 1707 1425 1755 Quod
1455 1717 1555 1746 vero
1588 1717 1742 1748 causae

156 1788 294 1817 rerum
334 1775 475 1829 (αἶ’τια
505 1778 589 1819 τῶν
619 1775 837 1832 πράξεων)
877 1782 1089 1827 ponuntur
1125 1776 1167 1816 in
1207 1775 1414 1825 moribus,
1456 1787 1541 1816 non
1577 1775 1637 1817 ita
1674 1788 1742 1818 res

158 1851 397 1896 comparata
429 1852 540 1894 erat,
587 1852 632 1888 ut
661 1847 798 1897 poetis
829 1848 974 1888 liceret
1005 1848 1057 1887 ad
1089 1847 1369 1887 universalem
1412 1846 1619 1896 quandam
1649 1858 1743 1886 nor-

158 1927 265 1955 mam
298 1927 439 1956 mores
473 1916 551 1958 sibi
584 1927 689 1967 quos
722 1918 877 1958 vellent
906 1917 1088 1969 fingere,
1124 1915 1273 1967 quibus
1306 1920 1514 1967 tamquam
1547 1926 1571 1956 e
1603 1915 1742 1957 causis

157 1997 264 2036 quae
309 1987 460 2027 vellent
502 1987 772 2028 deducerent.
853 1987 982 2027 Immo
1020 1986 1237 2037 quoniam,
1291 1985 1389 2037 quid
1427 1986 1598 2027 tandem
1637 1985 1745 2026 effici

156 2057 328 2102 debeat,
363 2056 622 2106 propositum
655 2062 720 2097 est
748 2057 791 2096 in
825 2056 1019 2109 mythicis
1051 2055 1278 2107 poematis:
1308 2055 1391 2095 iam
1421 2054 1503 2094 hoc
1531 2054 1742 2105 proprium

156 2130 223 2166 est
242 2125 495 2176 tragicorum
517 2138 681 2171 munus,
708 2131 753 2166 ut
774 2138 877 2176 quas
898 2127 1111 2166 absolutas
1137 2129 1532 2174 consummatasque
1553 2124 1740 2165 actiones

154 2194 394 2244 acceperint
447 2194 642 2243 heroum,
696 2207 769 2235 eas
812 2195 931 2246 quasi
979 2196 1196 2235 revolvant
1242 2198 1368 2244 atque
1407 2205 1431 2234 a
1468 2193 1550 2234 fine
1592 2193 1661 2245 qui
1690 2194 1740 2246 ⁸in

154 2264 321 2306 actione
355 2265 537 2306 cernitur
566 2271 772 2317 repetant,
807 2267 955 2318 quibus
986 2265 1028 2306 in
1061 2265 1259 2312 moribus,
1298 2270 1345 2306 ut
1374 2263 1414 2304 in
1446 2263 1739 2312 incitamentis,

156 2347 310 2376 causae
330 2335 495 2385 positae
516 2336 667 2377 suerint
688 2337 778 2377 eius
802 2337 860 2376 rei
883 2336 1142 2376 efficiendae.
1191 2336 1304 2383 Quos
1326 2339 1465 2376 autem
1485 2333 1742 2386 reppererint

247 2489 308 2532 46)
347 2489 621 2532 Bernhardy
649 2489 672 2522 l.
702 2488 724 2521 l.
751 2500 786 2533 p.
809 2489 895 2522 151:
933 2488 1025 2530 „sie
1061 2487 1136 2530 (die
1170 2487 1398 2531 Charaktere)
1441 2487 1522 2521 sind
1556 2486 1672 2520 rerner
1705 2487 1740 2519 in

153 2548 216 2581 der
250 2548 386 2581 alteren
414 2546 589 2590 Tragodie
626 2548 679 2580 ein
718 2547 923 2581 bleibender
950 2546 1083 2581 Stamm
1117 2546 1341 2595 verwandter
1365 2546 1561 2586 Persouen,
1597 2545 1654 2579 die
1679 2556 1741 2580 vor

152 2608 231 2641 dem
261 2607 367 2640 Plane
395 2606 458 2640 des
486 2605 639 2640 Stiickes
667 2607 827 2650 gegeben
854 2616 970 2640 waren
1007 2606 1077 2639 und
1114 2605 1148 2637 in
1185 2605 1377 2640 denselben
1402 2606 1630 2650 eingetragen
1654 2615 1740 2638 wer-

152 2667 241 2709 den,
276 2667 395 2699 seinen
434 2666 535 2708 Gang
580 2665 653 2698 und
690 2665 786 2699 seine
821 2666 981 2700 Grenzen
1016 2666 1246 2705 bestimmen,
1290 2664 1489 2708 uberhaupt
1523 2665 1624 2697 einen
1659 2664 1739 2698 sub-

152 2725 360 2758 stanziellen
391 2726 486 2758 Kern
523 2725 803 2764 einsclnliessen‚
839 2723 902 2756 der
937 2723 1084 2757 niemals
1123 2724 1281 2758 verloren
1315 2724 1400 2767 geht
1433 2722 1505 2756 und
1539 2722 1663 2757 immer
1687 2733 1739 2758 er-

152 2784 311 2816 kenubar
336 2783 633 2818 durehseheint,“
685 2783 734 2817 Cf.
762 2782 866 2816 eund.
893 2792 928 2826 p.
949 2782 1019 2817 305
1046 2787 1135 2817 extr.

245 2842 308 2887 47)
347 2853 377 2876 c.
397 2843 431 2884 6,
453 2843 487 2876 7.
