1843 3058
147 42 210 91 26

146 166 323 224 φοκλῆς
364 166 455 224 ἔφη
494 180 578 209 non
623 168 728 211 satis
761 169 920 210 diserte
953 169 1239 221 significatur,
1279 171 1389 212 hanc
1418 184 1565 214 vocem
1596 182 1731 224 aeque

143 250 193 279 ac
221 238 404 289 priorem
413 238 732 299 ..22:29599519
756 238 869 303 ἴετιᾈίἓὲ
893 250 997 280 suae
1038 239 1197 288 inscio,
1236 245 1281 282 ut
1323 247 1389 283 est
1432 242 1573 284 brevis
1605 246 1730 295 atque

144 311 356 356 aculeata,
404 321 480 361 per
517 310 635 353 vices
675 296 884 351 sermonis
925 310 1068 360 potius
1112 320 1235 363 quam
1272 311 1314 352 in
1352 312 1456 353 libro
1498 313 1729 365 composito
1768 360 1770 362 v

143 380 296 422 editam
331 379 462 420 videri
480 377 544 434 ⁸⁰).

260 566 498 609 Tertium
539 568 650 619 quod
683 557 1163 621 significavi'Sophoclis
1195 567 1249 610 de
1280 573 1369 611 arte
1411 580 1489 612 sua
1526 569 1725 612 iudicium

140 637 292 690 legitur
323 639 434 688 apud
471 638 754 678 Plutarchum:
784 630 956 693 ο’.Ωςπιέρ
986 635 1074 693 γάρ
1107 631 1132 680 ὅ
1164 638 1407 722 Σοφοκλῇς
1438 637 1587 707 ἔλεχε,
1633 636 1731 682 τὸν

69 701 84 767 ξ
139 703 441 762 Αἰσχύλου
473 704 881 760 διαπεπαιχώς
915 702 1105 761 ὄγκον,
1138 705 1269 751 εἶτα
1299 723 1362 752 το
1393 706 1605 766 πικρὸν
1631 709 1728 765 καὶ

77 768 88 846 ξ
141 774 493 831 κατάτεχνον
523 774 616 834 τῆς
646 772 825 819 αὐτοῦ
854 776 1236 834 κατασκευῆς,
1276 779 1476 835 τρίτον
1517 774 1625 838 ἤδη
1663 777 1723 822 τὸ

80 832 236 943 {isch}
273 846 484 898 λέξεως
521 846 924 903 μεταβάλλειν
964 846 1145 902 εἶδος,
1196 842 1337 906 ὅπερ
1389 849 1554 905 ἐστὶν
1594 846 1728 907 ἤθι-

112 916 399 977 ξκώτατον
431 920 523 960 καὶ
552 918 866 971 βέλτιστον
896 917 992 962 κτλ.
1011 918 1074 975 ⁶¹).
1136 920 1199 961 De
1228 920 1310 960 hoc
1339 921 1435 961 loco
1467 921 1537 973 qui
1566 920 1728 971 primus

114 978 252 1041 {quod
296 989 426 1031 sciam
472 1002 495 1030 e
537 988 754 1031 Germanis
797 994 1100 1031 commentatus
1143 995 1206 1031 est
1244 988 1587 1043 Xylander⁶²)
1636 1003 1727 1031 cum

140 1060 231 1101 aliis
263 1060 302 1099 in
336 1061 522 1110 partibus
557 1060 727 1107 erravit,
760 1065 847 1101 tum
878 1060 919 1099 in
952 1072 1003 1100 eo
1037 1062 1146 1111 quod
1179 1057 1233 1101 τὸ
1265 1057 1443 1107 πυκνόν
1473 1061 1606 1113 (quod
1637 1060 1728 1112 qui-

140 1131 235 1171 dem
268 1142 291 1170 e
322 1130 561 1171 coniectura
592 1130 776 1180 scripsit)
820 1130 897 1171 καὶ
937 1128 1218 1182 κατάτεχνον
1259 1126 1338 1186 τῆς
1369 1160 1380 1171 .
1400 1160 1411 1171 .
1446 1126 1726 1186 κατασκευῆς

138 1200 441 1251 interpretatus
483 1205 727 1251 apparatum
775 1199 899 1241 nimis
948 1202 1127 1242 densum
1166 1205 1290 1253 atque
1329 1201 1598 1243 artificiosum
1638 1200 1727 1242 sive

140 1271 338 1324 Aeschyli
368 1271 409 1311 in
443 1275 644 1321 apparatu
678 1270 1056 1312 condensationem
1097 1282 1221 1323 quam
1262 1271 1362 1313 dicit
1402 1277 1528 1324 atque
1568 1271 1727 1314 artificii

138 1340 411 1389 industriam,
466 1342 673 1383 referebat
707 1341 813 1382 haec
853 1342 903 1382 ad
946 1342 1179 1383 orationem
1222 1342 1420 1394 Aeschyli
1460 1342 1725 1383 artificiosius

142 1416 330 1452 ornatam
362 1423 412 1452 ac
443 1410 588 1463 figuris
620 1410 885 1461 potissimum
916 1423 1051 1462 paene
1083 1415 1396 1463 exaggeratam.
1460 1411 1577 1452 Hunc
1607 1411 1727 1453 dein-

139 1480 192 1521 de
224 1480 479 1531 aliquantum
513 1480 750 1521 correxisse
790 1480 869 1521 sibi
899 1482 1015 1521 visus
1061 1486 1126 1522 est
1157 1481 1478 1533 Lessingius
1506 1480 1607 1536 ⁶²¹³),
1656 1481 1726 1534 qui

232 1645 294 1690 60)
322 1646 374 1682 cf.
403 1646 445 1679 de
472 1646 657 1680 occasione
685 1645 854 1690 Sophocli
880 1645 924 1679 ad
949 1645 1142 1679 notandum
1169 1646 1382 1690 Aeschylum
1417 1646 1533 1695 oblata
1558 1656 1646 1689 quae
1671 1657 1726 1680 se-

138 1705 293 1740 cundum
320 1710 458 1741 veteres
483 1706 675 1750 scriptores
700 1705 799 1738 attuli
826 1715 933 1749 supra
965 1715 1046 1749 pag.
1067 1704 1089 1738 6
1108 1715 1136 1739 ε.

230 1776 291 1819 61)
319 1775 405 1815 Πῶς
443 1772 492 1809 ἄν
518 1787 570 1812 τις
602 1776 776 1809 αἴσθοιτο
811 1773 946 1809 ἑαυτοῦ
981 1772 1264 1819 προκόπτοντος
1297 1771 1354 1809 ἐπ’
1381 1772 1495 1821 ἀρετῇ
1520 1786 1549 1809 s.
1578 1775 1621 1809 de
1648 1785 1726 1819 pro-

135 1836 232 1869 fectu
257 1836 292 1868 in
317 1836 446 1869 virtute
473 1846 506 1868 c.
531 1837 564 1870 7.
595 1834 702 1878 (Plut.
728 1832 865 1869 Morall.
892 1834 949 1870 ed.
975 1834 1140 1868 Duebner
1164 1834 1231 1867 vol.
1252 1834 1277 1869 1.
1310 1845 1345 1878 p.
1368 1833 1442 1877 94).
1483 1830 1631 1878 ’Ὠσπερ
1648 1830 1722 1878 γὰρ

136 1891 155 1926 ὅ
182 1895 226 1928 Σ.
254 1892 382 1937 ἔλεγεν
510 1888 748 1933 ἠθικώτατον
771 1890 835 1924 καὶ
860 1890 1069 1936 βέλτιστον·
1098 1887 1216 1930 οὕτως
1232 1892 1270 1924 οἱ
1287 1890 1605 1937 φιλοσοφοῦντες,
1631 1887 1724 1924 ὅταν

136 1950 177 1986 ἔκ
202 1951 279 1986 τῶν
310 1950 579 1997 πανηγυρικῶν
607 1947 669 1984 καὶ
707 1949 947 1996 κατατέχνων
980 1951 1030 1990 εἰς
1062 1948 1130 1985 τόν
1161 1947 1383 1995 ἁπτόμενον
1416 1947 1533 1991 ἤθους
1563 1947 1627 1984 καὶ
1652 1947 1723 1984 πά·

135 2014 228 2050 θους
256 2009 372 2056 λόγον
398 2010 634 2055 καταροῦσιν,
667 2006 851 2054 ἄρχονται
875 2009 944 2052 τήν
968 2008 1090 2053 ἄληθῆ·
1122 2007 1324 2055 προκοπὴν
1354 2007 1419 2043 καὶ
1452 2006 1604 2054 ἄτυφον
1633 2019 1723 2053 προ-

136 2068 300 2106 κόπτειν.
351 2069 410 2103 Sic
437 2069 644 2102 Duebnerus
670 2068 786 2102 locum
812 2068 945 2113 edidit,
969 2069 1153 2112 vulgarem
1178 2068 1236 2101 ille
1262 2068 1446 2102 lectionem
1473 2077 1579 2111 quam
1607 2067 1723 2111 proxi-

135 2139 192 2162 me
218 2132 374 2161 secutus.
432 2126 614 2170 Xylander
648 2126 781 2168 legerat
813 2124 855 2159 τὸ
880 2123 1050 2169 πυκνόν;
1095 2126 1296 2170 nuperrime
1330 2126 1393 2159 viri
1420 2125 1516 2159 docti
1541 2135 1604 2159 suo
1629 2125 1723 2167 quis-

135 2198 203 2229 que
238 2186 380 2230 ingenio
415 2185 529 2219 locum
564 2183 752 2217 emendare
788 2185 1019 2218 studuerunt:
1053 2184 1115 2218 Ed.
1144 2184 1332 2218 Muellerus
1369 2183 1407 2228 (l.
1441 2194 1542 2227 quem
1577 2183 1721 2228 saepius

134 2246 358 2279 laudavimus
385 2245 411 2278 1.
440 2244 524 2287 224)
552 2241 720 2283 αὑτοῦ,
748 2243 842 2286 quod
867 2243 1009 2287 plurimi
1038 2249 1273 2288 receperunt3
1303 2244 1367 2279 Od.
1396 2241 1585 2277 Muellerus
1614 2242 1721 2286 (nist.

134 2305 258 2338 Graec.
288 2304 370 2335 Litt.
396 2303 438 2335 11.
469 2302 549 2345 116)
578 2302 642 2339 εἰς
667 2303 814 2344 τρίτον,
842 2302 1016 2346 Bergkins
1045 2301 1082 2344 (l.
1110 2302 1132 2335 l.
1162 2312 1197 2345 p.
1221 2303 1367 2336 XXXa.
1393 2312 1424 2337 c.
1453 2311 1484 2333 n.
1506 2300 1589 2344 125)
1617 2301 1722 2334 inter-

133 2362 234 2407 ponit
259 2359 304 2395 τὸ
328 2360 388 2403 τῆς
412 2360 634 2403 ποικίλης
658 2359 789 2401 λέξεως
816 2353 927 2399 εἶδος.
987 2361 1146 2403 Denique
1173 2361 1267 2403 quod
1295 2365 1348 2395 est
1375 2356 1653 2404 διαπεπαιχώς,
1685 2360 1720 2392 in

134 2432 204 2464 quo
229 2422 336 2454 verbo
362 2424 498 2454 tantum
525 2429 592 2453 non
619 2430 741 2453 omnes
766 2420 978 2458 haeserunt,
1012 2418 1104 2452 alius
1130 2419 1197 2452 alio
1224 2419 1328 2452 modo
1353 2424 1501 2453 conatus
1526 2423 1581 2452 est
1606 2429 1722 2452 emen-

132 2481 238 2515 dare:
270 2478 471 2514 Schoellius
499 2478 711 2522 (Sophocles
739 2488 771 2522 p.
797 2478 843 2513 ’.0
860 2476 909 2521 n.)
938 2474 1218 2522 διαπεφευγώς,
1246 2477 1419 2521 Bergkius
1446 2473 1720 2517 διαπεπλακώς,

131 2538 381 2582 Bernhardyus
408 2537 517 2581 (Hist.
543 2537 623 2570 Litt.
650 2537 772 2573 Graec.
801 2537 858 2570 ed.
879 2536 920 2569 11.
948 2537 1014 2570 vol.
1039 2537 1080 2569 ΙΙ.
1099 2538 1130 2570 2.
1155 2547 1193 2580 p.
1214 2536 1297 2579 305)
1324 2533 1584 2580 διαπεπλιχώς.
1639 2535 1721 2574 Qui-

131 2599 198 2631 bus
228 2598 272 2630 de
298 2596 608 2630 emendationibus
635 2595 717 2636 quid
752 2594 978 2628 statuendum
1014 2596 1082 2637 sit,
1124 2605 1185 2639 per
1217 2594 1373 2628 ordinem
1409 2594 1625 2637 quaestionis
1661 2604 1722 2627 ox-

133 2666 318 2700 ponemus.

224 2724 285 2768 62)
313 2724 494 2769 Xylander
518 2726 553 2758 in
580 2725 840 2758 commentariis
872 2725 918 2758 ad
943 2725 1268 2769 interpretationem
1284 2722 1463 2756 Plutarchi
1482 2722 1641 2757 Latinam
1661 2722 1721 2757 nd-

135 2784 242 2828 ditis;
269 2784 313 2819 cf.
339 2784 564 2827 Lessingium
593 2783 637 2818 de
663 2783 737 2818 vita
768 2782 877 2828 Soph.
905 2795 940 2829 p.
958 2784 1005 2819 49
1026 2795 1053 2818 s.

228 2854 276 2888 62
296 2853 332 2897 b)
361 2855 567 2896 Lessingius
593 2855 726 2889 ibidem
753 2866 789 2899 p.
812 2854 853 2888 51
877 2864 925 2888 ss.
