1843 3058
1630 85 1693 134 27

126 236 210 266 non
242 224 295 264 ad
328 219 550 261 oratoriam
581 223 736 267 artem,
770 219 845 260 sed
878 219 930 259 ad
963 218 1172 258 scenicam
1201 216 1411 267 pertinere
1431 215 1544 254 illum
1572 225 1695 264 appa-

123 299 256 336 ratum
285 291 473 332 doceret.
505 289 711 338 Quantum
743 287 970 329 correxerit
1000 286 1109 330 infra
1125 286 1379 329 videbimus:
1409 296 1538 325 unum
1557 288 1697 325 autem

123 363 233 404 illico
265 360 524 401 monendum
555 364 635 400 est.
704 356 949 410 Lessingius
982 357 1093 398 enim
1125 369 1218 398 cum
1246 367 1463 407 perperam
1494 356 1535 395 in
1569 355 1696 407 pictu-

126 444 214 474 ram
245 441 401 471 scenae
431 441 481 470 ac
509 434 685 471 taetram
716 429 898 470 vestium
929 427 1256 469 adstructionem
1280 426 1504 473 incideret,
1537 431 1622 466 tum
1655 425 1697 464 in

125 502 281 544 maiore
312 500 438 541 etiam
467 510 512 539 re
550 510 722 549 prorsus
771 511 795 539 a
834 511 934 540 vero
973 497 1190 539 aberravit.
1281 498 1399 545 Quod
1433 496 1543 537 enim
1574 507 1699 546 supra

125 571 267 621 notavi
294 570 409 610 illum
426 566 500 624 ⁶³),
533 568 603 620 qui
631 574 791 611 temere
822 568 1027 615 statuerit,
1059 566 1262 609 Plutarchi
1292 577 1431 608 errore
1462 566 1503 606 id
1535 564 1695 616 Sopho-

125 644 177 685 cli
191 642 389 683 tributum
409 651 507 680 esse
528 641 639 691 quod
652 641 705 681 ad
717 639 956 691 Euripidem
974 639 1239 680 referendum
1260 643 1395 679 esset:
1426 638 1508 679 iam
1527 636 1570 677 in
1590 636 1700 677 hanc

123 723 211 752 rem
241 709 475 751 accuratius
505 709 777 761 inquiremus.
848 709 1021 750 Videtur
1061 713 1200 750 autem
1241 708 1408 749 criticus
1451 706 1577 746 homo
1615 705 1699 756 pri-

124 792 236 822 mum
266 792 292 821 a
323 791 421 821 vero
462 780 661 821 seductus
705 791 825 826 esse,
871 780 983 830 quod
1026 778 1197 819 nimium
1236 777 1456 819 insistebat
1496 776 1697 817 vocabulo

124 849 403 900 διαπαίζειν.
476 851 597 899 Quod
633 849 704 891 ubi
741 850 810 891 ille
851 850 905 890 ad
947 849 1131 900 speciem
1171 849 1381 901 quandam
1423 846 1531 898 veri,
1574 858 1696 899 quam

122 924 269 963 falsam
300 933 399 962 esse
432 921 541 962 insi-a
571 922 866 970 ostendemus,
901 920 1197 971 interpretatus
1240 924 1305 960 est
1345 917 1568 964 irridere,
1617 918 1699 959 iam

122 993 235 1033 hunc
263 991 305 1032 in
347 992 517 1032 modum
557 991 806 1042 disputavit,
847 996 892 1032 ut
933 995 1107 1044 negaret
1148 995 1219 1032 aut
1260 989 1432 1030 omnino
1479 987 1698 1040 Sophoclis

126 1062 309 1104 moribus
341 1063 467 1102 talem
500 1061 726 1102 convenire
755 1061 1005 1107 irrisionem,
1039 1066 1109 1102 aut
1134 1061 1176 1101 in
1208 1060 1311 1102 libro
1342 1072 1466 1112 quem
1497 1060 1551 1100 de
1572 1058 1699 1100 choro

124 1132 357 1182 Sophocles
400 1131 553 1178 edidit,
594 1143 618 1172 e
657 1143 739 1182 quo
779 1132 947 1182 quidem
988 1132 1229 1172 necessario
1259 1131 1361 1171 illud
1401 1134 1552 1180 poetae
1585 1134 1700 1170 esset

122 1202 417 1253 repetendum,
459 1205 597 1251 aptam
627 1200 759 1241 fuisse
791 1201 1041 1242 sententiam
1072 1201 1279 1254 Aeschylo
1319 1200 1378 1241 ita
1417 1198 1698 1261 adversariam

125 1277 167 1313 et
197 1284 305 1324 quae
334 1273 457 1322 plane
486 1276 693 1324 pugnaret
725 1283 818 1312 cum
847 1271 985 1322 priore
1015 1271 1085 1312 illa
1110 1272 1256 1319 laude,
1299 1272 1411 1322 quod
1443 1269 1698 1323 Aeschylum

125 1341 354 1393 Sophocles
385 1346 500 1383 recta
528 1341 748 1383 instituere
778 1341 1051 1392 praedicaret.
1114 1342 1266 1382 Verum
1298 1353 1352 1383 ne
1383 1341 1517 1382 dicam
1551 1342 1604 1383 de
1635 1346 1700 1382 te-

124 1411 315 1453 meritate
346 1412 387 1451 in
418 1412 630 1453 laudando
661 1412 763 1452 libro
796 1412 1043 1461 conspicua,
1088 1424 1180 1452 cum
1212 1424 1266 1452 ne
1299 1412 1498 1462 scriptum
1530 1411 1699 1462 quidem

121 1481 222 1522 illud
252 1480 450 1522 iudicium
482 1494 505 1522 a
536 1480 743 1532 Sophocle
773 1481 960 1523 relictum
993 1493 1089 1523 esse
1121 1481 1223 1522 satis
1257 1485 1440 1522 constet:
1487 1483 1697 1533 quomodo

123 1563 177 1593 ne
223 1555 454 1593 statuamus
502 1563 526 1592 a
558 1551 765 1601 Sophocle
809 1551 918 1592 hanc
961 1551 1335 1602 reprehensionem
1383 1552 1536 1592 editam
1587 1563 1699 1599 esse,

123 1621 431 1672 prohibebimur
462 1623 612 1663 collata
643 1622 773 1662 altera
804 1621 993 1663 eiusdem
1031 1627 1184 1672 poetae
1223 1621 1457 1670 sententia,
1510 1624 1587 1663 sub
1619 1633 1701 1673 qua

124 1698 166 1734 et
193 1692 286 1743 ipsa
319 1691 691 1743 reprehensionem
722 1691 919 1743 Aeschyli
958 1689 1454 1744 late1·e'deteximus⁶⁴)?
1533 1692 1586 1733 At
1614 1704 1700 1732 non

123 1764 173 1803 ab
204 1774 289 1803 una
317 1767 435 1812 parte
467 1774 613 1803 manca
653 1767 717 1803 est
757 1762 996 1804 coniectura
1029 1763 1246 1815 Lessingii.
1316 1763 1368 1804 Ut
1409 1762 1518 1803 enim
1550 1774 1701 1803 conce·

124 1833 272 1887 damus
312 1832 403 1878 isti,
453 1831 495 1871 in
535 1831 599 1870 his
641 1843 749 1882 quae
788 1832 1023 1882 Sophoclea
1062 1838 1250 1878 exstant,
1302 1832 1497 1884 quoniam
1532 1832 1699 1883 quidem

123 1901 320 1951 scriptum
352 1912 449 1942 esse
483 1902 569 1941 vult
600 1901 866 1952 Lessingius,
919 1915 1000 1952 non
1040 1903 1122 1954 legi
1162 1902 1369 1943 eiusmodi
1400 1902 1597 1943 iudicium
1630 1906 1701 1943 aut

121 1970 382 2013 irrisionem:
424 1975 464 2011 at
503 1981 603 2011 vero
644 1983 697 2012 ne
738 1974 788 2013 ab
818 1970 1016 2024 Euripide
1058 1973 1226 2024 quidem
1269 1974 1377 2024 quod
1426 1985 1451 2014 a
1480 1972 1698 2014 Plutarcho

123 2046 310 2083 notatum
341 2041 516 2082 traditur
548 2042 705 2091 duplex
734 2042 932 2094 Aeschyli
963 2042 1110 2083 vitium
1140 2048 1364 2094 utrumque
1393 2043 1699 2095 perstringitur.

123 2113 243 2162 Quod
274 2111 386 2153 enim
403 2112 649 2163 Lessingius
670 2111 855 2162 disputat
877 2111 941 2166 ⁶⁵),
975 2115 1025 2154 ab
1041 2112 1239 2163 Euripide
1256 2114 1396 2164 potius
1430 2125 1551 2164 quam
1583 2126 1607 2154 a
1627 2114 1703 2154 So-

121 2182 272 2232 phocle
301 2181 474 2222 vitatum
507 2193 606 2222 esse
645 2187 849 2223 tumorem
882 2183 1080 2235 Aeschyli
1120 2194 1253 2234 aeque
1294 2196 1344 2224 ac
1384 2171 1699 2238 formidolosum

125 2263 280 2293 scenae
310 2256 575 2303 apparatum,
607 2252 649 2293 id
681 2264 763 2292 non
795 2252 892 2294 facit
923 2255 973 2294 ab
1006 2265 1056 2293 eo
1079 2252 1148 2303 qui
1169 2249 1438 2302 διαπαίζειν
1468 2252 1579 2294 idem
1603 2265 1701 2294 esse

123 2323 208 2362 vult
248 2323 359 2373 quod
401 2321 531 2362 latine
569 2319 784 2365 irridere.
861 2323 938 2372 Qui
980 2328 1119 2363 autem
1154 2325 1205 2363 ab
1246 2335 1296 2362 eo
1335 2323 1542 2373 profertur
1582 2324 1699 2363 locus

120 2390 330 2442 Euripidis
372 2403 495 2443 quem
537 2391 636 2433 dicit
677 2392 931 2445 Aeschylum
971 2391 1180 2433 irridentis
1203 2389 1276 2444 ⁶⁶),
1324 2393 1500 2443 primum
1541 2404 1594 2433 ne
1635 2397 1699 2433 est

120 2460 288 2511 quidem
318 2460 526 2511 Euripidis
566 2461 656 2501 eius
698 2462 768 2512 qui
798 2462 874 2503 fuit
904 2467 1031 2512 poeta
1075 2461 1282 2512 tragicus,
1332 2463 1410 2502 sed
1452 2462 1543 2502 eius
1576 2473 1699 2512 quem

119 2530 423 2582 Aristophanes
462 2530 505 2571 in
546 2542 716 2573 scenam
756 2532 930 2573 inducit.
1005 2531 1110 2573 Dein
1151 2543 1252 2573 vero
1283 2530 1502 2582 Euripides
1536 2531 1700 2573 Aristo-

117 2600 266 2649 phanis
309 2605 422 2641 totus
461 2601 503 2640 in
535 2602 720 2642 notando
760 2606 924 2641 tumore
970 2601 1205 2652 Aeschyleo
1248 2606 1493 2651 occupatur:
1546 2613 1699 2642 scenae

209 2717 271 2761 63)
300 2728 408 2762 supra
433 2727 515 2762 pag.
546 2720 576 2751 1.

213 2775 276 2819 64)
301 2786 385 2821 pag.
404 2776 426 2811 5
445 2786 493 2810 ss.

211 2833 273 2877 65)
301 2835 324 2871 l.
352 2835 374 2871 l.
402 2846 438 2880 p.
459 2835 505 2871 56
522 2846 572 2871 ss.

210 2892 271 2936 66)
296 2894 382 2930 ibid.
411 2904 444 2938 p.
463 2894 519 2929 59.
571 2895 632 2928 Est
657 2894 755 2928 locus
782 2894 1029 2938 Aristophanis
1056 2905 1075 2929 e
1099 2895 1208 2929 Ranis
1235 2906 1267 2929 v.
1288 2896 1358 2931 940
1376 2906 1424 2931 ss.
