<?xml version="1.0" encoding="UTF-8"?>
<!DOCTYPE html PUBLIC "-//W3C//DTD XHTML 1.0 Transitional//EN"
    "http://www.w3.org/TR/xhtml1/DTD/xhtml1-transitional.dtd">
<html xmlns="http://www.w3.org/1999/xhtml" xml:lang="en" lang="en">
 <head>
  <title>
</title>
<meta http-equiv="Content-Type" content="text/html;charset=utf-8" />
  <meta name='ocr-system' content='tesseract 3.04.00' />
  <meta name='ocr-capabilities' content='ocr_page ocr_carea ocr_par ocr_line ocrx_word'/>
</head>
<body>
  <div class='ocr_page' id='page_1' title='image "4737172_0040.png"; bbox 0 0 1843 3058; ppageno 0'>
   <div class='ocr_carea' id='block_1_1' title="bbox 144 58 208 107">
    <p class='ocr_par' dir='ltr' id='par_1_1' title="bbox 144 58 208 107">
     <span class='ocr_line' id='line_1_1' title="bbox 144 58 208 107; baseline 0.016 -1"><span class='ocrx_word' id='word_1_1' title='bbox 144 58 208 107; x_wconf 84' lang='lat'>30</span> 
     </span>
    </p>
   </div>
   <div class='ocr_carea' id='block_1_2' title="bbox 131 182 1767 2272">
    <p class='ocr_par' dir='ltr' id='par_1_2' title="bbox 131 182 1767 2272">
     <span class='ocr_line' id='line_1_2' title="bbox 139 182 1729 238; baseline 0.002 -15"><span class='ocrx_word' id='word_1_2' title='bbox 139 184 254 225; x_wconf 84' lang='lat' dir='ltr'>ribus</span> <span class='ocrx_word' id='word_1_3' title='bbox 294 183 616 225; x_wconf 87' lang='lat' dir='ltr'>consentientes</span> <span class='ocrx_word' id='word_1_4' title='bbox 658 182 873 233; x_wconf 84' lang='lat' dir='ltr'><strong>sequimur</strong></span> <span class='ocrx_word' id='word_1_5' title='bbox 912 183 1043 224; x_wconf 82' lang='lat' dir='ltr'>duces</span> <span class='ocrx_word' id='word_1_6' title='bbox 1063 182 1127 238; x_wconf 84' lang='lat'>⁷¹).</span> <span class='ocrx_word' id='word_1_7' title='bbox 1197 182 1352 227; x_wconf 87' lang='lat' dir='ltr'>Verum</span> <span class='ocrx_word' id='word_1_8' title='bbox 1378 186 1612 228; x_wconf 73' lang='lat' dir='ltr'>&#39;discedunt</span> <span class='ocrx_word' id='word_1_9' title='bbox 1651 184 1729 227; x_wconf 87' lang='lat' dir='ltr'>viri</span> 
     </span>
     <span class='ocr_line' id='line_1_3' title="bbox 141 252 1728 304; baseline 0.001 -10"><span class='ocrx_word' id='word_1_10' title='bbox 141 254 277 304; x_wconf 86' lang='lat' dir='ltr'>docti,</span> <span class='ocrx_word' id='word_1_11' title='bbox 325 254 397 295; x_wconf 91' lang='lat' dir='ltr'>ubi</span> <span class='ocrx_word' id='word_1_12' title='bbox 425 254 479 294; x_wconf 80' lang='lat' dir='ltr'>ad</span> <span class='ocrx_word' id='word_1_13' title='bbox 520 252 689 304; x_wconf 84' lang='lat' dir='ltr'>singula</span> <span class='ocrx_word' id='word_1_14' title='bbox 730 252 998 296; x_wconf 81' lang='lat' dir='ltr'>diiudicanda</span> <span class='ocrx_word' id='word_1_15' title='bbox 1040 258 1211 297; x_wconf 85' lang='lat' dir='ltr'>ventum</span> <span class='ocrx_word' id='word_1_16' title='bbox 1250 260 1335 296; x_wconf 86' lang='lat' dir='ltr'>est:</span> <span class='ocrx_word' id='word_1_17' title='bbox 1376 256 1552 298; x_wconf 82' lang='lat' dir='ltr'><strong>haerent</strong></span> <span class='ocrx_word' id='word_1_18' title='bbox 1589 260 1728 297; x_wconf 88' lang='lat' dir='ltr'>autem</span> 
     </span>
     <span class='ocr_line' id='line_1_4' title="bbox 138 309 1726 377; baseline 0.002 -14"><span class='ocrx_word' id='word_1_19' title='bbox 138 325 181 363; x_wconf 91' lang='lat' dir='ltr'>in</span> <span class='ocrx_word' id='word_1_20' title='bbox 215 335 267 364; x_wconf 90' lang='lat' dir='ltr'>eo</span> <span class='ocrx_word' id='word_1_21' title='bbox 305 322 570 374; x_wconf 88' lang='lat' dir='ltr'>potissimum</span> <span class='ocrx_word' id='word_1_22' title='bbox 612 323 815 364; x_wconf 87' lang='lat' dir='ltr'>vocabulo</span> <span class='ocrx_word' id='word_1_23' title='bbox 855 323 970 363; x_wconf 88' lang='lat' dir='ltr'>unde</span> <span class='ocrx_word' id='word_1_24' title='bbox 1012 322 1260 375; x_wconf 85' lang='lat' dir='ltr'>Iessingius</span> <span class='ocrx_word' id='word_1_25' title='bbox 1301 337 1470 377; x_wconf 87' lang='lat' dir='ltr'>quoque</span> <span class='ocrx_word' id='word_1_26' title='bbox 1491 309 1726 368; x_wconf 37' lang='lat' dir='ltr'>‘aber-Lavit</span> 
     </span>
     <span class='ocr_line' id='line_1_5' title="bbox 139 389 1725 464; baseline 0.003 -31"><span class='ocrx_word' id='word_1_27' title='bbox 139 393 306 435; x_wconf 84' lang='lat' dir='ltr'>Etenim</span> <span class='ocrx_word' id='word_1_28' title='bbox 337 393 450 445; x_wconf 88' lang='lat' dir='ltr'>quod</span> <span class='ocrx_word' id='word_1_29' title='bbox 478 392 676 464; x_wconf 47' lang='lat' dir='ltr'>..Restm</span> <span class='ocrx_word' id='word_1_30' title='bbox 682 389 1013 450; x_wconf 82' lang='grc' dir='ltr'>διαπεπαιχως</span> <span class='ocrx_word' id='word_1_31' title='bbox 1046 393 1282 464; x_wconf 55' lang='lat' dir='ltr'>eumffls</span> <span class='ocrx_word' id='word_1_32' title='bbox 1322 395 1442 437; x_wconf 85' lang='lat' dir='ltr'>aliter</span> <span class='ocrx_word' id='word_1_33' title='bbox 1480 396 1725 447; x_wconf 84' lang='lat' dir='ltr'>interprete-</span> 
     </span>
     <span class='ocr_line' id='line_1_6' title="bbox 137 448 1722 516; baseline 0.001 -11"><span class='ocrx_word' id='word_1_34' title='bbox 137 469 204 505; x_wconf 92' lang='lat' dir='ltr'>tur</span> <span class='ocrx_word' id='word_1_35' title='bbox 235 469 361 516; x_wconf 89' lang='lat' dir='ltr'>atque</span> <span class='ocrx_word' id='word_1_36' title='bbox 394 457 612 511; x_wconf 88' lang='lat' dir='ltr'>emendet,</span> <span class='ocrx_word' id='word_1_37' title='bbox 654 462 696 503; x_wconf 93' lang='lat' dir='ltr'>in</span> <span class='ocrx_word' id='word_1_38' title='bbox 725 448 831 504; x_wconf 88' lang='lat' dir='ltr'>duas</span> <span class='ocrx_word' id='word_1_39' title='bbox 869 449 1094 513; x_wconf 84' lang='lat' dir='ltr'>praecipue</span> <span class='ocrx_word' id='word_1_40' title='bbox 1134 469 1275 513; x_wconf 82' lang='lat' dir='ltr'>partes</span> <span class='ocrx_word' id='word_1_41' title='bbox 1308 477 1455 506; x_wconf 90' lang='lat' dir='ltr'>omnes</span> <span class='ocrx_word' id='word_1_42' title='bbox 1485 466 1574 506; x_wconf 87' lang='lat' dir='ltr'>fere</span> <span class='ocrx_word' id='word_1_43' title='bbox 1606 478 1722 507; x_wconf 92' lang='lat' dir='ltr'>sece-</span> 
     </span>
     <span class='ocr_line' id='line_1_7' title="bbox 140 531 1767 609; baseline 0.002 -35"><span class='ocrx_word' id='word_1_44' title='bbox 140 535 264 574; x_wconf 90' lang='lat' dir='ltr'>dunt:</span> <span class='ocrx_word' id='word_1_45' title='bbox 305 533 425 575; x_wconf 88' lang='lat' dir='ltr'>alteri</span> <span class='ocrx_word' id='word_1_46' title='bbox 454 537 501 573; x_wconf 90' lang='lat' dir='ltr'>ut</span> <span class='ocrx_word' id='word_1_47' title='bbox 530 537 718 574; x_wconf 77' lang='lat' dir='ltr'><strong>statuant</strong></span> <span class='ocrx_word' id='word_1_48' title='bbox 740 531 1132 609; x_wconf 47' lang='lat' dir='ltr'>Qssfilefflwek</span> <span class='ocrx_word' id='word_1_49' title='bbox 1117 545 1261 596; x_wconf 70' lang='lat' dir='ltr'>ipsum</span> <span class='ocrx_word' id='word_1_50' title='bbox 1292 538 1543 596; x_wconf 32' lang='lat' dir='ltr'>tumor-‘ew</span> <span class='ocrx_word' id='word_1_51' title='bbox 1487 535 1559 576; x_wconf 91' lang='lat' dir='ltr'>illo</span> <span class='ocrx_word' id='word_1_52' title='bbox 1590 539 1631 576; x_wconf 92' lang='lat' dir='ltr'>et</span> <span class='ocrx_word' id='word_1_53' title='bbox 1661 547 1724 577; x_wconf 85' lang='lat' dir='ltr'>ar·</span> <span class='ocrx_word' id='word_1_54' title='bbox 1762 559 1767 564; x_wconf 93' lang='lat'>·</span> 
     </span>
     <span class='ocr_line' id='line_1_8' title="bbox 138 579 1724 656; baseline 0.001 -11"><span class='ocrx_word' id='word_1_55' title='bbox 138 603 316 645; x_wconf 85' lang='lat' dir='ltr'>tificiosa</span> <span class='ocrx_word' id='word_1_56' title='bbox 344 603 575 644; x_wconf 84' lang='lat' dir='ltr'>fabularum</span> <span class='ocrx_word' id='word_1_57' title='bbox 608 601 941 643; x_wconf 86' lang='lat' dir='ltr'>conformatione</span> <span class='ocrx_word' id='word_1_58' title='bbox 973 579 1543 654; x_wconf 41' lang='lat' dir='ltr'>aeil‘iquaihdiffi&#39;fffisacw</span> <span class='ocrx_word' id='word_1_59' title='bbox 1477 617 1614 656; x_wconf 83' lang='lat' dir='ltr'>paene</span> <span class='ocrx_word' id='word_1_60' title='bbox 1632 617 1724 656; x_wconf 90' lang='lat' dir='ltr'>per-</span> 
     </span>
     <span class='ocr_line' id='line_1_9' title="bbox 138 671 1721 726; baseline 0.001 -13"><span class='ocrx_word' id='word_1_61' title='bbox 138 674 325 716; x_wconf 79' lang='lat' dir='ltr'>functum</span> <span class='ocrx_word' id='word_1_62' title='bbox 357 684 478 720; x_wconf 86' lang='lat' dir='ltr'>esse,</span> <span class='ocrx_word' id='word_1_63' title='bbox 509 671 629 714; x_wconf 86' lang='lat' dir='ltr'>alteri</span> <span class='ocrx_word' id='word_1_64' title='bbox 660 677 705 713; x_wconf 87' lang='lat' dir='ltr'>ut</span> <span class='ocrx_word' id='word_1_65' title='bbox 739 676 909 724; x_wconf 84' lang='lat' dir='ltr'><strong>negent.</strong></span> <span class='ocrx_word' id='word_1_66' title='bbox 979 672 1093 712; x_wconf 90' lang='lat' dir='ltr'>lllam</span> <span class='ocrx_word' id='word_1_67' title='bbox 1124 674 1378 715; x_wconf 83' lang='lat' dir='ltr'>sententiam</span> <span class='ocrx_word' id='word_1_68' title='bbox 1409 687 1503 716; x_wconf 87' lang='lat' dir='ltr'>cum</span> <span class='ocrx_word' id='word_1_69' title='bbox 1531 674 1721 726; x_wconf 86' lang='lat' dir='ltr'>plerique</span> 
     </span>
     <span class='ocr_line' id='line_1_10' title="bbox 141 742 1724 797; baseline 0 -13"><span class='ocrx_word' id='word_1_70' title='bbox 141 742 322 794; x_wconf 83' lang='lat' dir='ltr'>amplexi</span> <span class='ocrx_word' id='word_1_71' title='bbox 362 743 469 790; x_wconf 90' lang='lat' dir='ltr'>sint,</span> <span class='ocrx_word' id='word_1_72' title='bbox 515 742 624 783; x_wconf 88' lang='lat' dir='ltr'>hanc</span> <span class='ocrx_word' id='word_1_73' title='bbox 662 747 802 783; x_wconf 86' lang='lat' dir='ltr'>tuetur</span> <span class='ocrx_word' id='word_1_74' title='bbox 841 743 958 782; x_wconf 92' lang='lat' dir='ltr'>solus</span> <span class='ocrx_word' id='word_1_75' title='bbox 1000 743 1111 792; x_wconf 91' lang='lat' dir='ltr'>quod</span> <span class='ocrx_word' id='word_1_76' title='bbox 1153 743 1284 784; x_wconf 84' lang='lat' dir='ltr'>sciam</span> <span class='ocrx_word' id='word_1_77' title='bbox 1314 744 1624 797; x_wconf 83' lang='lat' dir='ltr'>Bernhardyus.</span> <span class='ocrx_word' id='word_1_78' title='bbox 1686 744 1724 784; x_wconf 90' lang='lat' dir='ltr'>ls</span> 
     </span>
     <span class='ocr_line' id='line_1_11' title="bbox 140 811 1722 862; baseline 0 -8"><span class='ocrx_word' id='word_1_79' title='bbox 140 813 251 855; x_wconf 89' lang='lat' dir='ltr'>enim</span> <span class='ocrx_word' id='word_1_80' title='bbox 283 813 492 860; x_wconf 85' lang='lat' dir='ltr'>confisus,</span> <span class='ocrx_word' id='word_1_81' title='bbox 540 816 586 853; x_wconf 89' lang='lat' dir='ltr'>ut</span> <span class='ocrx_word' id='word_1_82' title='bbox 620 811 806 859; x_wconf 87' lang='lat' dir='ltr'>videtur,</span> <span class='ocrx_word' id='word_1_83' title='bbox 861 822 912 852; x_wconf 93' lang='lat' dir='ltr'>eo</span> <span class='ocrx_word' id='word_1_84' title='bbox 954 812 1066 862; x_wconf 91' lang='lat' dir='ltr'>quod</span> <span class='ocrx_word' id='word_1_85' title='bbox 1107 814 1264 854; x_wconf 87' lang='lat' dir='ltr'>nullum</span> <span class='ocrx_word' id='word_1_86' title='bbox 1306 819 1376 856; x_wconf 88' lang='lat' dir='ltr'>aut</span> <span class='ocrx_word' id='word_1_87' title='bbox 1406 811 1591 856; x_wconf 86' lang='lat' dir='ltr'>tumidae</span> <span class='ocrx_word' id='word_1_88' title='bbox 1623 814 1722 855; x_wconf 87' lang='lat' dir='ltr'>artis</span> 
     </span>
     <span class='ocr_line' id='line_1_12' title="bbox 139 881 1722 937; baseline 0 -12"><span class='ocrx_word' id='word_1_89' title='bbox 139 889 209 925; x_wconf 90' lang='lat' dir='ltr'>aut</span> <span class='ocrx_word' id='word_1_90' title='bbox 241 894 409 925; x_wconf 85' lang='lat' dir='ltr'>amarae</span> <span class='ocrx_word' id='word_1_91' title='bbox 439 882 483 923; x_wconf 92' lang='lat' dir='ltr'>in</span> <span class='ocrx_word' id='word_1_92' title='bbox 504 882 735 934; x_wconf 85' lang='lat' dir='ltr'>tragoediis</span> <span class='ocrx_word' id='word_1_93' title='bbox 757 881 1003 932; x_wconf 89' lang='lat' dir='ltr'>Sophocleis</span> <span class='ocrx_word' id='word_1_94' title='bbox 1036 882 1372 932; x_wconf 79' lang='lat' dir='ltr'>deprehenderet</span> <span class='ocrx_word' id='word_1_95' title='bbox 1394 885 1632 937; x_wconf 83' lang='lat' dir='ltr'>vestigium,</span> <span class='ocrx_word' id='word_1_96' title='bbox 1663 884 1722 925; x_wconf 90' lang='lat' dir='ltr'>in-</span> 
     </span>
     <span class='ocr_line' id='line_1_13' title="bbox 136 947 1722 1005; baseline 0 -10"><span class='ocrx_word' id='word_1_97' title='bbox 136 958 390 1005; x_wconf 83' lang='lat' dir='ltr'>terpretatus</span> <span class='ocrx_word' id='word_1_98' title='bbox 432 957 520 994; x_wconf 82' lang='lat' dir='ltr'>erat</span> <span class='ocrx_word' id='word_1_99' title='bbox 559 949 852 1002; x_wconf 77' lang='grc' dir='ltr'>διαπαίζειν,</span> <span class='ocrx_word' id='word_1_100' title='bbox 901 957 946 992; x_wconf 90' lang='lat' dir='ltr'>ut</span> <span class='ocrx_word' id='word_1_101' title='bbox 987 947 1303 1004; x_wconf 80' lang='lat' dir='ltr'>intellegeretur</span> <span class='ocrx_word' id='word_1_102' title='bbox 1342 953 1575 1003; x_wconf 87' lang='lat' dir='ltr'>Sophocles</span> <span class='ocrx_word' id='word_1_103' title='bbox 1613 954 1722 995; x_wconf 83' lang='lat' dir='ltr'>vitiis</span> 
     </span>
     <span class='ocr_line' id='line_1_14' title="bbox 135 1021 1724 1074; baseline -0.001 -10"><span class='ocrx_word' id='word_1_104' title='bbox 135 1024 238 1073; x_wconf 87' lang='lat' dir='ltr'>illis,</span> <span class='ocrx_word' id='word_1_105' title='bbox 279 1034 389 1074; x_wconf 90' lang='lat' dir='ltr'>quae</span> <span class='ocrx_word' id='word_1_106' title='bbox 427 1022 470 1062; x_wconf 90' lang='lat' dir='ltr'>in</span> <span class='ocrx_word' id='word_1_107' title='bbox 510 1022 722 1073; x_wconf 83' lang='lat' dir='ltr'>Aeschylo</span> <span class='ocrx_word' id='word_1_108' title='bbox 764 1021 993 1071; x_wconf 82' lang='lat' dir='ltr'>conspicua</span> <span class='ocrx_word' id='word_1_109' title='bbox 1030 1026 1170 1068; x_wconf 87' lang='lat' dir='ltr'>erant,</span> <span class='ocrx_word' id='word_1_110' title='bbox 1219 1023 1370 1063; x_wconf 90' lang='lat' dir='ltr'>ludens</span> <span class='ocrx_word' id='word_1_111' title='bbox 1410 1022 1532 1074; x_wconf 82' lang='lat' dir='ltr'>quasi</span> <span class='ocrx_word' id='word_1_112' title='bbox 1567 1022 1724 1073; x_wconf 88' lang='lat' dir='ltr'>impetu</span> 
     </span>
     <span class='ocr_line' id='line_1_15' title="bbox 138 1091 1724 1145; baseline -0.002 -9"><span class='ocrx_word' id='word_1_113' title='bbox 138 1093 433 1145; x_wconf 84' lang='lat' dir='ltr'>supersedisse</span> <span class='ocrx_word' id='word_1_114' title='bbox 453 1091 516 1144; x_wconf 83' lang='lat'>⁷⁸).</span> <span class='ocrx_word' id='word_1_115' title='bbox 589 1092 741 1133; x_wconf 88' lang='lat' dir='ltr'>Verum</span> <span class='ocrx_word' id='word_1_116' title='bbox 780 1095 827 1131; x_wconf 93' lang='lat' dir='ltr'>ut</span> <span class='ocrx_word' id='word_1_117' title='bbox 868 1092 1077 1132; x_wconf 85' lang='lat' dir='ltr'>concedas</span> <span class='ocrx_word' id='word_1_118' title='bbox 1108 1103 1239 1142; x_wconf 89' lang='lat' dir='ltr'>posse</span> <span class='ocrx_word' id='word_1_119' title='bbox 1269 1094 1352 1134; x_wconf 84' lang='lat' dir='ltr'>tale</span> <span class='ocrx_word' id='word_1_120' title='bbox 1390 1093 1486 1145; x_wconf 91' lang='lat' dir='ltr'>quid</span> <span class='ocrx_word' id='word_1_121' title='bbox 1519 1093 1724 1135; x_wconf 88' lang='lat' dir='ltr'>vocabulo</span> 
     </span>
     <span class='ocr_line' id='line_1_16' title="bbox 138 1158 1722 1214; baseline -0.001 -9"><span class='ocrx_word' id='word_1_122' title='bbox 138 1162 371 1214; x_wconf 87' lang='lat' dir='ltr'>composito</span> <span class='ocrx_word' id='word_1_123' title='bbox 403 1163 516 1214; x_wconf 88' lang='lat' dir='ltr'>quod</span> <span class='ocrx_word' id='word_1_124' title='bbox 550 1167 615 1202; x_wconf 88' lang='lat' dir='ltr'>est</span> <span class='ocrx_word' id='word_1_125' title='bbox 648 1158 919 1211; x_wconf 82' lang='grc' dir='ltr'>διαπαίζειν</span> <span class='ocrx_word' id='word_1_126' title='bbox 952 1161 1199 1213; x_wconf 79' lang='lat' dir='ltr'>significari,</span> <span class='ocrx_word' id='word_1_127' title='bbox 1239 1167 1379 1203; x_wconf 88' lang='lat' dir='ltr'>tamen</span> <span class='ocrx_word' id='word_1_128' title='bbox 1408 1163 1607 1214; x_wconf 87' lang='lat' dir='ltr'>quoniam</span> <span class='ocrx_word' id='word_1_129' title='bbox 1634 1163 1722 1203; x_wconf 90' lang='lat' dir='ltr'>nul-</span> 
     </span>
     <span class='ocr_line' id='line_1_17' title="bbox 134 1231 1720 1284; baseline -0.002 -9"><span class='ocrx_word' id='word_1_130' title='bbox 134 1236 220 1275; x_wconf 90' lang='lat' dir='ltr'>lum</span> <span class='ocrx_word' id='word_1_131' title='bbox 259 1233 351 1275; x_wconf 88' lang='lat' dir='ltr'>eius</span> <span class='ocrx_word' id='word_1_132' title='bbox 381 1231 699 1284; x_wconf 82' lang='lat' dir='ltr'>significationis</span> <span class='ocrx_word' id='word_1_133' title='bbox 738 1233 780 1271; x_wconf 82' lang='lat' dir='ltr'>in</span> <span class='ocrx_word' id='word_1_134' title='bbox 814 1231 1085 1282; x_wconf 84' lang='lat' dir='ltr'>scriptoribus</span> <span class='ocrx_word' id='word_1_135' title='bbox 1120 1232 1293 1273; x_wconf 87' lang='lat' dir='ltr'>Graecis</span> <span class='ocrx_word' id='word_1_136' title='bbox 1326 1232 1531 1283; x_wconf 88' lang='lat' dir='ltr'>reperitur</span> <span class='ocrx_word' id='word_1_137' title='bbox 1580 1244 1720 1273; x_wconf 88' lang='lat' dir='ltr'>exem-</span> 
     </span>
     <span class='ocr_line' id='line_1_18' title="bbox 136 1301 1721 1355; baseline -0.001 -10"><span class='ocrx_word' id='word_1_138' title='bbox 136 1305 271 1355; x_wconf 89' lang='lat' dir='ltr'>plum,</span> <span class='ocrx_word' id='word_1_139' title='bbox 323 1303 383 1343; x_wconf 93' lang='lat' dir='ltr'>vir</span> <span class='ocrx_word' id='word_1_140' title='bbox 423 1303 573 1343; x_wconf 87' lang='lat' dir='ltr'>doctus</span> <span class='ocrx_word' id='word_1_141' title='bbox 612 1301 725 1343; x_wconf 89' lang='lat' dir='ltr'>idem</span> <span class='ocrx_word' id='word_1_142' title='bbox 765 1301 836 1353; x_wconf 90' lang='lat' dir='ltr'>qui</span> <span class='ocrx_word' id='word_1_143' title='bbox 873 1307 1150 1352; x_wconf 75' lang='lat' dir='ltr'>proposuerat</span> <span class='ocrx_word' id='word_1_144' title='bbox 1190 1302 1299 1343; x_wconf 84' lang='lat' dir='ltr'>hanc</span> <span class='ocrx_word' id='word_1_145' title='bbox 1336 1302 1721 1353; x_wconf 83' lang='lat' dir='ltr'>interpretationem</span> 
     </span>
     <span class='ocr_line' id='line_1_19' title="bbox 138 1370 1719 1424; baseline -0.001 -9"><span class='ocrx_word' id='word_1_146' title='bbox 138 1375 301 1416; x_wconf 84' lang='lat' dir='ltr'>videtur</span> <span class='ocrx_word' id='word_1_147' title='bbox 330 1373 554 1423; x_wconf 83' lang='lat' dir='ltr'>reliquisse</span> <span class='ocrx_word' id='word_1_148' title='bbox 585 1372 790 1412; x_wconf 78' lang='lat' dir='ltr'>abiectam</span> <span class='ocrx_word' id='word_1_149' title='bbox 809 1370 876 1424; x_wconf 81' lang='lat'>⁷⁴).</span> <span class='ocrx_word' id='word_1_150' title='bbox 949 1373 1206 1422; x_wconf 82' lang='lat' dir='ltr'>Quamquam</span> <span class='ocrx_word' id='word_1_151' title='bbox 1247 1384 1301 1412; x_wconf 89' lang='lat' dir='ltr'>ne</span> <span class='ocrx_word' id='word_1_152' title='bbox 1332 1374 1508 1413; x_wconf 86' lang='lat' dir='ltr'>alterum</span> <span class='ocrx_word' id='word_1_153' title='bbox 1538 1372 1719 1423; x_wconf 88' lang='lat' dir='ltr'>quidem,</span> 
     </span>
     <span class='ocr_line' id='line_1_20' title="bbox 135 1440 1720 1496; baseline -0.002 -11"><span class='ocrx_word' id='word_1_154' title='bbox 135 1444 250 1496; x_wconf 90' lang='lat' dir='ltr'>quod</span> <span class='ocrx_word' id='word_1_155' title='bbox 280 1453 418 1494; x_wconf 91' lang='lat' dir='ltr'>usque</span> <span class='ocrx_word' id='word_1_156' title='bbox 449 1442 604 1489; x_wconf 86' lang='lat' dir='ltr'>tenuit,</span> <span class='ocrx_word' id='word_1_157' title='bbox 647 1441 769 1483; x_wconf 90' lang='lat' dir='ltr'>nobis</span> <span class='ocrx_word' id='word_1_158' title='bbox 810 1441 1020 1491; x_wconf 85' lang='lat' dir='ltr'>probavit:</span> <span class='ocrx_word' id='word_1_159' title='bbox 1061 1440 1313 1491; x_wconf 88' lang='lat' dir='ltr'>Sophoclem</span> <span class='ocrx_word' id='word_1_160' title='bbox 1352 1453 1406 1482; x_wconf 86' lang='lat' dir='ltr'>ex</span> <span class='ocrx_word' id='word_1_161' title='bbox 1448 1453 1531 1493; x_wconf 90' lang='lat' dir='ltr'>quo</span> <span class='ocrx_word' id='word_1_162' title='bbox 1560 1442 1720 1485; x_wconf 84' lang='lat' dir='ltr'>fabulas</span> 
     </span>
     <span class='ocr_line' id='line_1_21' title="bbox 136 1510 1721 1563; baseline -0.002 -8"><span class='ocrx_word' id='word_1_163' title='bbox 136 1516 289 1555; x_wconf 84' lang='lat' dir='ltr'>docere</span> <span class='ocrx_word' id='word_1_164' title='bbox 329 1512 565 1563; x_wconf 87' lang='lat' dir='ltr'>coepisset,</span> <span class='ocrx_word' id='word_1_165' title='bbox 615 1511 790 1552; x_wconf 87' lang='lat' dir='ltr'>liberum</span> <span class='ocrx_word' id='word_1_166' title='bbox 834 1511 974 1551; x_wconf 87' lang='lat' dir='ltr'>statim</span> <span class='ocrx_word' id='word_1_167' title='bbox 1015 1511 1212 1551; x_wconf 82' lang='lat' dir='ltr'>extitisse</span> <span class='ocrx_word' id='word_1_168' title='bbox 1256 1513 1307 1553; x_wconf 79' lang='lat' dir='ltr'>ab</span> <span class='ocrx_word' id='word_1_169' title='bbox 1347 1512 1459 1551; x_wconf 88' lang='lat' dir='ltr'>omni</span> <span class='ocrx_word' id='word_1_170' title='bbox 1508 1510 1609 1552; x_wconf 88' lang='lat' dir='ltr'>vitio</span> <span class='ocrx_word' id='word_1_171' title='bbox 1650 1516 1721 1552; x_wconf 81' lang='lat' dir='ltr'>aut</span> 
     </span>
     <span class='ocr_line' id='line_1_22' title="bbox 140 1581 1720 1636; baseline -0.002 -10"><span class='ocrx_word' id='word_1_172' title='bbox 140 1584 315 1627; x_wconf 91' lang='lat' dir='ltr'>tumoris</span> <span class='ocrx_word' id='word_1_173' title='bbox 348 1581 574 1636; x_wconf 84' lang='lat' dir='ltr'>Aeschylei</span> <span class='ocrx_word' id='word_1_174' title='bbox 614 1586 684 1623; x_wconf 88' lang='lat' dir='ltr'>aut</span> <span class='ocrx_word' id='word_1_175' title='bbox 717 1581 897 1623; x_wconf 88' lang='lat' dir='ltr'>durioris</span> <span class='ocrx_word' id='word_1_176' title='bbox 940 1581 1158 1624; x_wconf 87' lang='lat' dir='ltr'>cuiusdam</span> <span class='ocrx_word' id='word_1_177' title='bbox 1197 1587 1238 1623; x_wconf 93' lang='lat' dir='ltr'>et</span> <span class='ocrx_word' id='word_1_178' title='bbox 1276 1582 1397 1635; x_wconf 86' lang='lat' dir='ltr'>quasi</span> <span class='ocrx_word' id='word_1_179' title='bbox 1436 1582 1617 1625; x_wconf 83' lang='lat' dir='ltr'>amarius</span> <span class='ocrx_word' id='word_1_180' title='bbox 1658 1582 1720 1623; x_wconf 91' lang='lat' dir='ltr'>in-</span> 
     </span>
     <span class='ocr_line' id='line_1_23' title="bbox 137 1653 1718 1706; baseline -0.004 -8"><span class='ocrx_word' id='word_1_181' title='bbox 137 1661 319 1699; x_wconf 84' lang='lat' dir='ltr'>stmctae</span> <span class='ocrx_word' id='word_1_182' title='bbox 360 1654 474 1696; x_wconf 91' lang='lat' dir='ltr'>artis.</span> <span class='ocrx_word' id='word_1_183' title='bbox 576 1654 720 1694; x_wconf 83' lang='lat' dir='ltr'>Obstat</span> <span class='ocrx_word' id='word_1_184' title='bbox 752 1657 917 1702; x_wconf 85' lang='lat' dir='ltr'>autem,</span> <span class='ocrx_word' id='word_1_185' title='bbox 938 1658 942 1661; x_wconf 79' lang='grc'><strong>”</strong></span> <span class='ocrx_word' id='word_1_186' title='bbox 966 1665 1020 1693; x_wconf 89' lang='lat' dir='ltr'>ne</span> <span class='ocrx_word' id='word_1_187' title='bbox 1059 1653 1141 1693; x_wconf 88' lang='lat' dir='ltr'>hoc</span> <span class='ocrx_word' id='word_1_188' title='bbox 1170 1653 1376 1694; x_wconf 83' lang='lat' dir='ltr'>Plutarchi</span> <span class='ocrx_word' id='word_1_189' title='bbox 1416 1653 1586 1706; x_wconf 91' lang='lat' dir='ltr'>quidem</span> <span class='ocrx_word' id='word_1_190' title='bbox 1625 1654 1718 1694; x_wconf 88' lang='lat' dir='ltr'>loco</span> 
     </span>
     <span class='ocr_line' id='line_1_24' title="bbox 134 1719 1718 1779; baseline -0.002 -12"><span class='ocrx_word' id='word_1_191' title='bbox 134 1727 345 1779; x_wconf 88' lang='lat' dir='ltr'>proditum</span> <span class='ocrx_word' id='word_1_192' title='bbox 377 1723 642 1770; x_wconf 86' lang='lat' dir='ltr'>arbitremur,</span> <span class='ocrx_word' id='word_1_193' title='bbox 686 1735 770 1769; x_wconf 90' lang='lat' dir='ltr'>non</span> <span class='ocrx_word' id='word_1_194' title='bbox 810 1727 893 1764; x_wconf 87' lang='lat' dir='ltr'>tam</span> <span class='ocrx_word' id='word_1_195' title='bbox 933 1723 1181 1763; x_wconf 89' lang='lat' dir='ltr'>vocabulum</span> <span class='ocrx_word' id='word_1_196' title='bbox 1222 1724 1335 1774; x_wconf 90' lang='lat' dir='ltr'>quod</span> <span class='ocrx_word' id='word_1_197' title='bbox 1370 1729 1437 1765; x_wconf 92' lang='lat' dir='ltr'>est</span> <span class='ocrx_word' id='word_1_198' title='bbox 1476 1719 1718 1778; x_wconf 79' lang='grc' dir='ltr'>μεταβάλ-</span> 
     </span>
     <span class='ocr_line' id='line_1_25' title="bbox 134 1792 1720 1850; baseline -0.005 -10"><span class='ocrx_word' id='word_1_199' title='bbox 134 1796 258 1850; x_wconf 75' lang='grc' dir='ltr'>λειν,</span> <span class='ocrx_word' id='word_1_200' title='bbox 288 1807 413 1848; x_wconf 85' lang='lat' dir='ltr'>quam</span> <span class='ocrx_word' id='word_1_201' title='bbox 444 1794 572 1836; x_wconf 89' lang='lat' dir='ltr'>totius</span> <span class='ocrx_word' id='word_1_202' title='bbox 606 1793 882 1835; x_wconf 85' lang='lat' dir='ltr'>conformatio</span> <span class='ocrx_word' id='word_1_203' title='bbox 916 1792 1154 1834; x_wconf 83' lang='lat' dir='ltr'>sententiae</span> <span class='ocrx_word' id='word_1_204' title='bbox 1186 1798 1311 1844; x_wconf 86' lang='lat' dir='ltr'>atque</span> <span class='ocrx_word' id='word_1_205' title='bbox 1340 1793 1629 1847; x_wconf 86' lang='lat' dir='ltr'>responsionis</span> <span class='ocrx_word' id='word_1_206' title='bbox 1650 1794 1720 1833; x_wconf 85' lang='lat' dir='ltr'>lex</span> 
     </span>
     <span class='ocr_line' id='line_1_26' title="bbox 135 1863 1719 1922; baseline -0.004 -13"><span class='ocrx_word' id='word_1_207' title='bbox 135 1880 218 1921; x_wconf 88' lang='lat' dir='ltr'>qua</span> <span class='ocrx_word' id='word_1_208' title='bbox 245 1864 453 1907; x_wconf 87' lang='lat' dir='ltr'>Plutarchi</span> <span class='ocrx_word' id='word_1_209' title='bbox 479 1864 521 1904; x_wconf 92' lang='lat' dir='ltr'>in</span> <span class='ocrx_word' id='word_1_210' title='bbox 552 1863 655 1905; x_wconf 89' lang='lat' dir='ltr'>libro</span> <span class='ocrx_word' id='word_1_211' title='bbox 687 1864 793 1905; x_wconf 85' lang='lat' dir='ltr'>haec</span> <span class='ocrx_word' id='word_1_212' title='bbox 823 1863 1005 1913; x_wconf 87' lang='lat' dir='ltr'>protasis</span> <span class='ocrx_word' id='word_1_213' title='bbox 1039 1875 1132 1903; x_wconf 90' lang='lat' dir='ltr'>cum</span> <span class='ocrx_word' id='word_1_214' title='bbox 1158 1863 1347 1922; x_wconf 36' lang='lat' dir='ltr'>apodosi·</span> <span class='ocrx_word' id='word_1_215' title='bbox 1362 1867 1541 1912; x_wconf 86' lang='lat' dir='ltr'>tenetur,</span> <span class='ocrx_word' id='word_1_216' title='bbox 1573 1863 1616 1904; x_wconf 91' lang='lat' dir='ltr'>in</span> <span class='ocrx_word' id='word_1_217' title='bbox 1638 1874 1719 1915; x_wconf 87' lang='lat' dir='ltr'>qua</span> 
     </span>
     <span class='ocr_line' id='line_1_27' title="bbox 133 1933 1716 1990; baseline -0.004 -10"><span class='ocrx_word' id='word_1_218' title='bbox 133 1937 373 1990; x_wconf 88' lang='lat' dir='ltr'>philosophi</span> <span class='ocrx_word' id='word_1_219' title='bbox 413 1948 466 1977; x_wconf 86' lang='lat' dir='ltr'>ex</span> <span class='ocrx_word' id='word_1_220' title='bbox 506 1937 636 1976; x_wconf 84' lang='lat' dir='ltr'>altero</span> <span class='ocrx_word' id='word_1_221' title='bbox 678 1946 834 1986; x_wconf 82' lang='lat' dir='ltr'>genere</span> <span class='ocrx_word' id='word_1_222' title='bbox 873 1934 915 1973; x_wconf 85' lang='lat' dir='ltr'>in</span> <span class='ocrx_word' id='word_1_223' title='bbox 955 1935 1131 1974; x_wconf 78' lang='lat' dir='ltr'>alterum</span> <span class='ocrx_word' id='word_1_224' title='bbox 1172 1934 1350 1974; x_wconf 88' lang='lat' dir='ltr'>transire</span> <span class='ocrx_word' id='word_1_225' title='bbox 1383 1934 1539 1974; x_wconf 84' lang='lat' dir='ltr'>diserte</span> <span class='ocrx_word' id='word_1_226' title='bbox 1571 1933 1716 1974; x_wconf 91' lang='lat' dir='ltr'>dicun-</span> 
     </span>
     <span class='ocr_line' id='line_1_28' title="bbox 133 2001 1720 2060; baseline -0.004 -10"><span class='ocrx_word' id='word_1_227' title='bbox 133 2015 211 2050; x_wconf 90' lang='lat' dir='ltr'>tur.</span> <span class='ocrx_word' id='word_1_228' title='bbox 274 2002 608 2060; x_wconf 76' lang='grc' dir='ltr'>Μεταβάλλειν</span> <span class='ocrx_word' id='word_1_229' title='bbox 653 2004 765 2045; x_wconf 91' lang='lat' dir='ltr'>enim</span> <span class='ocrx_word' id='word_1_230' title='bbox 805 2003 987 2055; x_wconf 83' lang='lat' dir='ltr'>aliquam</span> <span class='ocrx_word' id='word_1_231' title='bbox 1027 2014 1115 2044; x_wconf 87' lang='lat' dir='ltr'>rem</span> <span class='ocrx_word' id='word_1_232' title='bbox 1159 2001 1239 2044; x_wconf 89' lang='lat' dir='ltr'>etsi</span> <span class='ocrx_word' id='word_1_233' title='bbox 1277 2005 1521 2055; x_wconf 91' lang='lat' dir='ltr'>plerumque</span> <span class='ocrx_word' id='word_1_234' title='bbox 1560 2002 1720 2044; x_wconf 87' lang='lat' dir='ltr'>dicatur</span> 
     </span>
     <span class='ocr_line' id='line_1_29' title="bbox 131 2072 1718 2132; baseline -0.004 -11"><span class='ocrx_word' id='word_1_235' title='bbox 131 2080 169 2121; x_wconf 90' lang='lat' dir='ltr'>is</span> <span class='ocrx_word' id='word_1_236' title='bbox 201 2078 271 2132; x_wconf 85' lang='lat' dir='ltr'>qui</span> <span class='ocrx_word' id='word_1_237' title='bbox 302 2079 356 2120; x_wconf 89' lang='lat' dir='ltr'>de</span> <span class='ocrx_word' id='word_1_238' title='bbox 387 2089 466 2118; x_wconf 92' lang='lat' dir='ltr'>suo</span> <span class='ocrx_word' id='word_1_239' title='bbox 497 2075 652 2128; x_wconf 88' lang='lat' dir='ltr'>aliquid</span> <span class='ocrx_word' id='word_1_240' title='bbox 683 2074 846 2116; x_wconf 89' lang='lat' dir='ltr'>dederit</span> <span class='ocrx_word' id='word_1_241' title='bbox 876 2085 950 2124; x_wconf 89' lang='lat' dir='ltr'>pro</span> <span class='ocrx_word' id='word_1_242' title='bbox 983 2085 1065 2125; x_wconf 92' lang='lat' dir='ltr'>quo</span> <span class='ocrx_word' id='word_1_243' title='bbox 1099 2085 1254 2114; x_wconf 90' lang='lat' dir='ltr'>novum</span> <span class='ocrx_word' id='word_1_244' title='bbox 1286 2074 1385 2125; x_wconf 90' lang='lat' dir='ltr'>quid</span> <span class='ocrx_word' id='word_1_245' title='bbox 1417 2072 1613 2123; x_wconf 88' lang='lat' dir='ltr'>accipiat,</span> <span class='ocrx_word' id='word_1_246' title='bbox 1657 2078 1718 2114; x_wconf 79' lang='lat' dir='ltr'>ta-</span> 
     </span>
     <span class='ocr_line' id='line_1_30' title="bbox 132 2143 1718 2200; baseline -0.005 -9"><span class='ocrx_word' id='word_1_247' title='bbox 132 2162 230 2192; x_wconf 88' lang='lat' dir='ltr'>men</span> <span class='ocrx_word' id='word_1_248' title='bbox 261 2149 330 2190; x_wconf 88' lang='lat' dir='ltr'>hic</span> <span class='ocrx_word' id='word_1_249' title='bbox 360 2159 528 2200; x_wconf 90' lang='lat' dir='ltr'>quoque</span> <span class='ocrx_word' id='word_1_250' title='bbox 561 2151 731 2187; x_wconf 86' lang='lat' dir='ltr'>vocatur</span> <span class='ocrx_word' id='word_1_251' title='bbox 768 2145 838 2197; x_wconf 92' lang='lat' dir='ltr'>qui</span> <span class='ocrx_word' id='word_1_252' title='bbox 868 2145 1068 2185; x_wconf 87' lang='lat' dir='ltr'>mutando</span> <span class='ocrx_word' id='word_1_253' title='bbox 1114 2156 1271 2184; x_wconf 91' lang='lat' dir='ltr'>novum</span> <span class='ocrx_word' id='word_1_254' title='bbox 1312 2143 1466 2195; x_wconf 84' lang='lat' dir='ltr'>aliquid</span> <span class='ocrx_word' id='word_1_255' title='bbox 1506 2154 1718 2194; x_wconf 82' lang='lat' dir='ltr'>compara-</span> 
     </span>
     <span class='ocr_line' id='line_1_31' title="bbox 133 2212 1718 2272; baseline -0.006 -9"><span class='ocrx_word' id='word_1_256' title='bbox 133 2221 265 2272; x_wconf 86' lang='lat' dir='ltr'>verit,</span> <span class='ocrx_word' id='word_1_257' title='bbox 297 2218 462 2260; x_wconf 88' lang='lat' dir='ltr'>etiamsi</span> <span class='ocrx_word' id='word_1_258' title='bbox 494 2229 602 2269; x_wconf 88' lang='lat' dir='ltr'>quae</span> <span class='ocrx_word' id='word_1_259' title='bbox 633 2216 725 2257; x_wconf 89' lang='lat' dir='ltr'>eius</span> <span class='ocrx_word' id='word_1_260' title='bbox 757 2215 927 2268; x_wconf 82' lang='lat' dir='ltr'>generis</span> <span class='ocrx_word' id='word_1_261' title='bbox 959 2219 1058 2255; x_wconf 89' lang='lat' dir='ltr'>ante</span> <span class='ocrx_word' id='word_1_262' title='bbox 1092 2215 1290 2255; x_wconf 86' lang='lat' dir='ltr'>extabant</span> <span class='ocrx_word' id='word_1_263' title='bbox 1323 2225 1514 2266; x_wconf 88' lang='lat' dir='ltr'>quaeque</span> <span class='ocrx_word' id='word_1_264' title='bbox 1546 2214 1597 2254; x_wconf 88' lang='lat' dir='ltr'>ab</span> <span class='ocrx_word' id='word_1_265' title='bbox 1622 2212 1718 2264; x_wconf 90' lang='lat' dir='ltr'>ipso</span> 
     </span>
    </p>
   </div>
   <div class='ocr_carea' id='block_1_3' title="bbox 131 2402 1719 2569">
    <p class='ocr_par' dir='ltr' id='par_1_3' title="bbox 131 2402 1719 2569">
     <span class='ocr_line' id='line_1_32' title="bbox 227 2402 1719 2455; baseline -0.009 -8"><span class='ocrx_word' id='word_1_266' title='bbox 227 2411 287 2455; x_wconf 86' lang='lat'>72)</span> <span class='ocrx_word' id='word_1_267' title='bbox 315 2413 353 2446; x_wconf 80' lang='lat' dir='ltr'>F.</span> <span class='ocrx_word' id='word_1_268' title='bbox 382 2407 694 2448; x_wconf 82' lang='lat' dir='ltr'>Schultzium,</span> <span class='ocrx_word' id='word_1_269' title='bbox 722 2405 822 2439; x_wconf 86' lang='lat' dir='ltr'>cuius</span> <span class='ocrx_word' id='word_1_270' title='bbox 849 2405 882 2437; x_wconf 83' lang='lat' dir='ltr'>iu</span> <span class='ocrx_word' id='word_1_271' title='bbox 909 2403 996 2437; x_wconf 86' lang='lat' dir='ltr'>libro</span> <span class='ocrx_word' id='word_1_272' title='bbox 1024 2403 1066 2436; x_wconf 83' lang='lat' dir='ltr'>de</span> <span class='ocrx_word' id='word_1_273' title='bbox 1092 2402 1163 2436; x_wconf 77' lang='lat' dir='ltr'>vita</span> <span class='ocrx_word' id='word_1_274' title='bbox 1190 2402 1299 2446; x_wconf 88' lang='lat' dir='ltr'>Soph.</span> <span class='ocrx_word' id='word_1_275' title='bbox 1336 2414 1370 2446; x_wconf 93' lang='lat' dir='ltr'>p.</span> <span class='ocrx_word' id='word_1_276' title='bbox 1396 2402 1460 2437; x_wconf 87' lang='lat'>130</span> <span class='ocrx_word' id='word_1_277' title='bbox 1481 2413 1531 2438; x_wconf 72' lang='grc'>35.</span> <span class='ocrx_word' id='word_1_278' title='bbox 1581 2402 1719 2436; x_wconf 83' lang='lat' dir='ltr'>Lessin-</span> 
     </span>
     <span class='ocr_line' id='line_1_33' title="bbox 132 2461 1718 2519; baseline -0.011 -11"><span class='ocrx_word' id='word_1_279' title='bbox 132 2474 213 2519; x_wconf 83' lang='lat' dir='ltr'>gius</span> <span class='ocrx_word' id='word_1_280' title='bbox 249 2470 387 2515; x_wconf 87' lang='lat' dir='ltr'>pridem</span> <span class='ocrx_word' id='word_1_281' title='bbox 430 2466 601 2500; x_wconf 65' lang='lat' dir='ltr'>refutatus</span> <span class='ocrx_word' id='word_1_282' title='bbox 639 2471 712 2505; x_wconf 81' lang='lat' dir='ltr'>est,</span> <span class='ocrx_word' id='word_1_283' title='bbox 769 2474 848 2496; x_wconf 84' lang='lat' dir='ltr'>sero</span> <span class='ocrx_word' id='word_1_284' title='bbox 884 2463 980 2495; x_wconf 84' lang='lat' dir='ltr'>licuit</span> <span class='ocrx_word' id='word_1_285' title='bbox 1013 2461 1210 2505; x_wconf 85' lang='lat' dir='ltr'>inspicere:</span> <span class='ocrx_word' id='word_1_286' title='bbox 1255 2471 1363 2502; x_wconf 82' lang='lat' dir='ltr'>quare</span> <span class='ocrx_word' id='word_1_287' title='bbox 1404 2461 1435 2493; x_wconf 84' lang='lat' dir='ltr'>si</span> <span class='ocrx_word' id='word_1_288' title='bbox 1468 2461 1501 2493; x_wconf 90' lang='lat' dir='ltr'>in</span> <span class='ocrx_word' id='word_1_289' title='bbox 1536 2461 1591 2494; x_wconf 83' lang='lat' dir='ltr'>his</span> <span class='ocrx_word' id='word_1_290' title='bbox 1628 2470 1718 2502; x_wconf 85' lang='lat' dir='ltr'>quae</span> 
     </span>
     <span class='ocr_line' id='line_1_34' title="bbox 131 2519 1718 2569; baseline -0.012 -3"><span class='ocrx_word' id='word_1_291' title='bbox 131 2536 254 2566; x_wconf 82' lang='lat' dir='ltr'>contra</span> <span class='ocrx_word' id='word_1_292' title='bbox 286 2525 513 2569; x_wconf 84' lang='lat' dir='ltr'>Lessingium</span> <span class='ocrx_word' id='word_1_293' title='bbox 549 2523 700 2567; x_wconf 84' lang='lat' dir='ltr'>protuli,</span> <span class='ocrx_word' id='word_1_294' title='bbox 735 2522 823 2556; x_wconf 76' lang='lat' dir='ltr'>forte</span> <span class='ocrx_word' id='word_1_295' title='bbox 859 2521 945 2555; x_wconf 84' lang='lat' dir='ltr'>mihi</span> <span class='ocrx_word' id='word_1_296' title='bbox 979 2530 1057 2553; x_wconf 88' lang='lat' dir='ltr'>cum</span> <span class='ocrx_word' id='word_1_297' title='bbox 1091 2519 1149 2553; x_wconf 85' lang='lat' dir='ltr'>illo</span> <span class='ocrx_word' id='word_1_298' title='bbox 1185 2519 1408 2559; x_wconf 75' lang='lat' dir='ltr'>convenerit,</span> <span class='ocrx_word' id='word_1_299' title='bbox 1452 2530 1519 2552; x_wconf 88' lang='lat' dir='ltr'>non</span> <span class='ocrx_word' id='word_1_300' title='bbox 1557 2528 1635 2552; x_wconf 86' lang='lat' dir='ltr'>mea</span> <span class='ocrx_word' id='word_1_301' title='bbox 1662 2528 1718 2551; x_wconf 84' lang='lat' dir='ltr'>me</span> 
     </span>
    </p>
   </div>
   <div class='ocr_carea' id='block_1_4' title="bbox 131 2580 1010 2635">
    <p class='ocr_par' dir='ltr' id='par_1_4' title="bbox 131 2580 1010 2635">
     <span class='ocr_line' id='line_1_35' title="bbox 131 2580 1010 2635; baseline -0.014 -11"><span class='ocrx_word' id='word_1_302' title='bbox 131 2590 236 2635; x_wconf 88' lang='lat' dir='ltr'>culpa</span> <span class='ocrx_word' id='word_1_303' title='bbox 261 2587 427 2622; x_wconf 85' lang='lat' dir='ltr'>cramben</span> <span class='ocrx_word' id='word_1_304' title='bbox 453 2583 640 2627; x_wconf 79' lang='lat' dir='ltr'>repetitam</span> <span class='ocrx_word' id='word_1_305' title='bbox 669 2581 879 2625; x_wconf 83' lang='lat' dir='ltr'>apposuisse</span> <span class='ocrx_word' id='word_1_306' title='bbox 906 2580 1010 2614; x_wconf 82' lang='lat' dir='ltr'>scias.</span> 
     </span>
    </p>
   </div>
   <div class='ocr_carea' id='block_1_5' title="bbox 131 2659 1717 2766">
    <p class='ocr_par' dir='ltr' id='par_1_5' title="bbox 131 2659 1717 2766">
     <span class='ocr_line' id='line_1_36' title="bbox 226 2659 1716 2715; baseline -0.013 -8"><span class='ocrx_word' id='word_1_307' title='bbox 226 2670 287 2715; x_wconf 84' lang='lat'>73)</span> <span class='ocrx_word' id='word_1_308' title='bbox 326 2667 532 2711; x_wconf 72' lang='lat' dir='ltr'>Bernhardy</span> <span class='ocrx_word' id='word_1_309' title='bbox 576 2665 664 2699; x_wconf 75' lang='lat' dir='ltr'>nist.</span> <span class='ocrx_word' id='word_1_310' title='bbox 712 2665 795 2699; x_wconf 79' lang='lat' dir='ltr'>Litt.</span> <span class='ocrx_word' id='word_1_311' title='bbox 837 2664 981 2697; x_wconf 86' lang='lat' dir='ltr'>Graece.</span> <span class='ocrx_word' id='word_1_312' title='bbox 1014 2660 1090 2705; x_wconf 88' lang='lat' dir='ltr'>(ed.</span> <span class='ocrx_word' id='word_1_313' title='bbox 1133 2659 1258 2705; x_wconf 87' lang='lat' dir='ltr'>prior.)</span> <span class='ocrx_word' id='word_1_314' title='bbox 1296 2661 1361 2695; x_wconf 90' lang='lat' dir='ltr'>vol.</span> <span class='ocrx_word' id='word_1_315' title='bbox 1393 2661 1436 2694; x_wconf 91' lang='lat' dir='ltr'>ll.</span> <span class='ocrx_word' id='word_1_316' title='bbox 1472 2671 1507 2704; x_wconf 89' lang='lat' dir='ltr'>p.</span> <span class='ocrx_word' id='word_1_317' title='bbox 1537 2659 1627 2701; x_wconf 75' lang='lat'>7953</span> <span class='ocrx_word' id='word_1_318' title='bbox 1670 2659 1716 2695; x_wconf 77' lang='lat' dir='ltr'>cf,</span> 
     </span>
     <span class='ocr_line' id='line_1_37' title="bbox 131 2718 1717 2766; baseline -0.008 -1"><span class='ocrx_word' id='word_1_319' title='bbox 131 2731 297 2766; x_wconf 72' lang='lat' dir='ltr'>Eiusdem</span> <span class='ocrx_word' id='word_1_320' title='bbox 325 2738 508 2762; x_wconf 83' lang='lat' dir='ltr'>censuram</span> <span class='ocrx_word' id='word_1_321' title='bbox 544 2724 607 2760; x_wconf 86' lang='lat' dir='ltr'>Ed.</span> <span class='ocrx_word' id='word_1_322' title='bbox 640 2721 819 2763; x_wconf 81' lang='lat' dir='ltr'>Muelleri,</span> <span class='ocrx_word' id='word_1_323' title='bbox 863 2723 1030 2755; x_wconf 73' lang='lat' dir='ltr'>insortam</span> <span class='ocrx_word' id='word_1_324' title='bbox 1069 2720 1262 2754; x_wconf 82' lang='lat' dir='ltr'>Annalibus</span> <span class='ocrx_word' id='word_1_325' title='bbox 1293 2719 1576 2753; x_wconf 78' lang='lat' dir='ltr'>Berolinensibus</span> <span class='ocrx_word' id='word_1_326' title='bbox 1615 2718 1717 2754; x_wconf 80' lang='lat'>1834.</span> 
     </span>
    </p>
   </div>
   <div class='ocr_carea' id='block_1_6' title="bbox 131 2783 1421 2914">
    <p class='ocr_par' dir='ltr' id='par_1_6' title="bbox 131 2783 1421 2914">
     <span class='ocr_line' id='line_1_38' title="bbox 131 2783 705 2832; baseline -0.016 -8"><span class='ocrx_word' id='word_1_327' title='bbox 131 2800 177 2825; x_wconf 88' lang='lat' dir='ltr'>m.</span> <span class='ocrx_word' id='word_1_328' title='bbox 205 2788 347 2832; x_wconf 65' lang='lat' dir='ltr'>septbr.</span> <span class='ocrx_word' id='word_1_329' title='bbox 375 2799 408 2821; x_wconf 86' lang='grc' dir='ltr'>ιι.</span> <span class='ocrx_word' id='word_1_330' title='bbox 428 2788 485 2821; x_wconf 85' lang='lat'>47.</span> <span class='ocrx_word' id='word_1_331' title='bbox 512 2796 549 2830; x_wconf 86' lang='lat' dir='ltr'>p.</span> <span class='ocrx_word' id='word_1_332' title='bbox 568 2783 637 2819; x_wconf 79' lang='lat'>309</span> <span class='ocrx_word' id='word_1_333' title='bbox 658 2793 705 2815; x_wconf 89' lang='lat' dir='ltr'>ss.</span> 
     </span>
     <span class='ocr_line' id='line_1_39' title="bbox 225 2861 1421 2914; baseline -0.008 -10"><span class='ocrx_word' id='word_1_334' title='bbox 225 2870 286 2914; x_wconf 85' lang='lat'>74)</span> <span class='ocrx_word' id='word_1_335' title='bbox 314 2871 403 2903; x_wconf 86' lang='lat' dir='ltr'>Hist.</span> <span class='ocrx_word' id='word_1_336' title='bbox 431 2870 510 2902; x_wconf 85' lang='lat' dir='ltr'>Litt.</span> <span class='ocrx_word' id='word_1_337' title='bbox 539 2868 685 2901; x_wconf 83' lang='lat' dir='ltr'>Graeco.</span> <span class='ocrx_word' id='word_1_338' title='bbox 714 2864 788 2908; x_wconf 86' lang='lat' dir='ltr'>(ed.</span> <span class='ocrx_word' id='word_1_339' title='bbox 817 2862 910 2906; x_wconf 88' lang='lat' dir='ltr'>nov.)</span> <span class='ocrx_word' id='word_1_340' title='bbox 940 2863 1015 2897; x_wconf 87' lang='lat' dir='ltr'>Vol.</span> <span class='ocrx_word' id='word_1_341' title='bbox 1038 2864 1083 2898; x_wconf 84' lang='lat'>11.</span> <span class='ocrx_word' id='word_1_342' title='bbox 1108 2864 1147 2896; x_wconf 93' lang='grc' dir='ltr'>Ρ.</span> <span class='ocrx_word' id='word_1_343' title='bbox 1169 2864 1211 2896; x_wconf 92' lang='lat' dir='ltr'>Il.</span> <span class='ocrx_word' id='word_1_344' title='bbox 1242 2872 1276 2905; x_wconf 89' lang='lat' dir='ltr'>p.</span> <span class='ocrx_word' id='word_1_345' title='bbox 1299 2861 1369 2896; x_wconf 84' lang='lat'>304</span> <span class='ocrx_word' id='word_1_346' title='bbox 1391 2871 1421 2894; x_wconf 82' lang='lat' dir='ltr'>s.</span> 
     </span>
    </p>
   </div>
  </div>
 </body>
</html>
