1843 3058
78 2392 105 2537 ἕ

77 2764 87 2909 ἔ

92 2767 106 2896 Ι

126 36 193 85 44

244 163 329 205 Hoc
371 167 483 206 certe
524 164 715 206 effectum
747 170 832 218 est,
881 168 1201 218 responsionem
1243 176 1514 220 personarum
1547 172 1587 211 in
1621 182 1713 213 car·

126 235 307 275 minibus
340 236 479 288 lyricis
518 238 672 287 pariter
706 240 832 287 atque
863 238 1133 278 incitatiorem
1169 240 1289 289 quasi
1315 236 1716 297 ’ἧμιστιχιομυθίαν

131 303 383 356 Sophoclem
416 306 614 357 primum,
661 318 754 347 cum
787 311 1031 358 sequeretur
1062 310 1312 350 severiorem
1346 313 1446 352 artis
1491 316 1716 354 consuetu-

130 377 291 427 dinem,
327 381 449 418 caute
480 382 693 426 tentasse,
725 379 877 419 deinde
912 392 991 420 suo
1024 382 1190 433 ingenio
1217 382 1382 422 doctum
1408 383 1574 424 liberius
1595 396 1715 426 exer-

128 448 283 489 cuisse.
363 448 518 498 Quodsi
566 449 646 490 hae
685 453 827 502 partes
881 454 979 491 sunt
1028 453 1341 503 compositionis
1384 464 1465 493 non
1510 456 1715 496 oratoriae

128 518 204 559 sed
244 520 454 569 poeticae,
510 520 591 559 iam
633 518 865 571 Sophocles
916 524 956 560 et
997 521 1252 572 praedicavit
1300 534 1378 563 suo
1419 525 1531 571 iure,
1579 536 1626 564 se
1665 522 1713 566 τὸ

127 586 391 643 κατάτεχνον
418 590 494 643 τῆς
512 591 775 641 κατασκευῆς
796 602 1045 641 superasse‚
1078 595 1117 631 et
1135 592 1247 633 hunc
1273 605 1540 646 progressum
1563 595 1715 645 optime

128 660 315 700 distinxit
337 671 371 701 ,a
395 660 642 700 remissione
665 662 850 700 tumoris.
916 660 1034 710 Quod
1068 665 1207 702 autem
1239 668 1433 715 superest
1463 661 1513 705 τὸ
1544 660 1717 720 πικρόν,

128 730 209 771 hoc
245 733 307 781 (ut
346 730 597 769 scholastice
639 731 875 780 loquamur)
918 743 999 769 non
1049 733 1248 773 obiective
1290 734 1441 773 dietum
1487 736 1714 784 accipimus

128 800 238 850 quod
270 801 408 839 acrius
442 803 600 851 pungat
632 811 707 838 eos
733 800 802 849 qui
823 800 1022 852 audiant,
1056 823 1113 831 -
1146 811 1319 852 quorum
1354 802 1519 854 quidem
1551 804 1591 843 in
1626 804 1715 845 ani-

130 871 208 910 mis
240 871 550 910 commovendis
594 882 663 910 ars
696 872 856 923 tragica
898 883 1018 911 suam
1051 874 1131 911 vim
1167 884 1361 912 exercere
1394 878 1434 914 et
1465 874 1587 914 edere
1618 875 1715 915 effe-

129 946 221 982 ctus
254 941 378 981 debet
415 966 497 991 ——,
542 941 616 981 sed
651 942 703 982 ad
736 943 873 992 ipsum
902 941 1151 993 Sophoclem
1185 954 1458 992 revocamus,
1501 943 1571 995 qui
1600 941 1715 986 sibi

127 1010 290 1055 duram
322 1024 377 1054 ac
407 1008 638 1053 molestam
681 1012 811 1053 fuisse
852 1014 1144 1064 significaverit
1188 1002 1439 1054 severiorem
1471 1014 1584 1058 illam
1616 1015 1714 1055 artis

129 1083 316 1135 regulam
409 1082 586 1121 Molesta
618 1082 726 1121 enim
762 1094 811 1121 ea
843 1084 1105 1133 potissimum
1153 1084 1221 1124 lex
1256 1088 1344 1124 erat
1399 1094 1505 1134 quae
1548 1095 1713 1123 versum

129 1153 256 1194 dividi
290 1156 469 1201 vetaret,
500 1156 719 1204 propterea
752 1154 861 1204 quod
894 1158 1019 1205 poeta
1051 1159 1123 1194 aut
1154 1166 1320 1195 versum
1355 1155 1560 1206 complere
1592 1166 1716 1207 coge-

129 1225 269 1272 batur,
306 1234 389 1273 qua
420 1224 460 1262 in
493 1234 537 1262 re
570 1222 801 1263 cavendum
835 1226 924 1263 erat
957 1236 981 1263 a
1014 1225 1152 1264 verbis
1183 1225 1402 1273 inanibus,
1435 1229 1509 1265 aut
1538 1226 1714 1265 transire

129 1294 372 1344 advlyrieas
414 1296 577 1344 partes,
623 1293 772 1342 quibus
813 1294 853 1332 in
896 1294 1195 1334 contrahendis
1235 1295 1455 1345 peculiaris
1497 1294 1714 1345 Sophoclis

130 1375 231 1405 cura
270 1363 406 1415 posita
434 1367 533 1404 erat.
599 1362 855 1404 Vocabulum
899 1375 996 1404 vero
1046 1364 1156 1415 quod
1191 1368 1255 1405 est
1285 1363 1442 1421 πικρός
1471 1364 1600 1406 durae
1632 1364 1715 1418 legi

133 1441 170 1474 et
210 1446 320 1485 quae
367 1435 542 1475 moleste
581 1435 735 1475 feratur
785 1435 1018 1475 attribuitur
1068 1435 1315 1475 duobus‘in
1356 1436 1482 1482 locis,
1537 1437 1607 1486 qui
1638 1436 1714 1476 etsi

129 1505 242 1556 apud
276 1508 419 1555 poetas
452 1505 668 1557 leguntur,
717 1508 857 1544 tamen
889 1504 1001 1544 haud
1034 1506 1122 1545 scio
1155 1517 1207 1544 an
1241 1517 1266 1545 a
1298 1505 1458 1557 vulgari
1490 1509 1715 1546 consuetu-

130 1576 226 1615 dine
257 1574 420 1614 dicendi
461 1586 543 1614 non
577 1574 751 1615 multum
785 1576 1055 1616 recesserint:
1109 1575 1260 1617 Aesch.
1289 1575 1399 1628 Sept.
1429 1574 1527 1616 881.
1558 1572 1716 1632 πικρὰς

128 1648 374 1700 μοναρχίας
414 1643 589 1694 ἰδόντες.
654 1646 721 1683 Ar.
777 1647 850 1683 Av.
901 1646 1025 1685 1045.
1078 1643 1260 1699 πικροὺς
1298 1644 1381 1700 ἐγώ
1419 1660 1492 1687 σοι
1534 1643 1740 1701 τήμερον.

131 1715 257 1765 δείξω
295 1712 470 1770 νόμους.

251 1788 445 1826 Attamen
483 1788 518 1825 si
551 1787 804 1836 improbetur
836 1798 886 1826 ea
909 1787 1190 1837 interpretatio
1224 1797 1332 1835 quae
1358 1797 1410 1825 ne
1432 1785 1528 1825 mihi
1552 1785 1716 1835 quidem

131 1867 305 1907 prorsus
347 1856 568 1903 satisfacit,
613 1859 698 1896 tum
741 1856 907 1896 demum
948 1856 1153 1906 reliquum
1188 1855 1283 1903 erit,
1333 1859 1378 1895 ut
1409 1855 1461 1895 ad
1492 1857 1717 1908 ingenuam

131 1929 405 1980 ignorationis
429 1929 735 1969 confessionem
758 1928 1070 1979 confugiamus,
1098 1928 1261 1977 qualem
1283 1931 1322 1968 et
1340 1929 1430 1978 ipse
1452 1926 1524 1967 Od.
1556 1927 1717 1967 Muel-

131 1999 279 2040 lerus
311 1998 450 2040 edidit.
514 1998 672 2039 Etenim
700 1998 832 2049 quod,
865 2011 947 2039 non
981 2000 1149 2039 tentatis
1173 1999 1351 2048 viribus,
1385 1999 1539 2049 ingenii
1573 1999 1717 2038 inertis

135 2070 261 2112 videri
307 2074 466 2121 poterat
503 2073 544 2110 et
580 2069 766 2119 pericula
807 2070 1052 2117 devitantis‚
1102 2070 1142 2108 id
1175 2070 1313 2118 eloqui
1345 2080 1427 2107 non
1460 2070 1609 2119 pudet,
1647 2069 1716 2107 ubi

134 2141 186 2181 ad
220 2140 391 2181 melIora
428 2141 615 2192 aspirare
647 2143 824 2181 conatus
857 2151 964 2180 sum.
1022 2139 1234 2180 Nimirum
1267 2139 1458 2189 quoniam
1491 2150 1515 2179 a
1545 2150 1611 2179 me
1642 2139 1717 2179 im-

73 2224 75 2226 ·
132 2214 296 2262 petrare
327 2221 411 2249 non
443 2212 557 2261 potui
588 2214 633 2249 ut
664 2211 703 2248 in
738 2211 967 2249 sententias
1000 2209 1188 2249 Virorum
1210 2208 1585 2248 Illustrissimorum
1618 2219 1719 2248 con·

134 2281 348 2322 cederem:
389 2280 499 2320 ultra
539 2279 620 2318 hoc
661 2279 769 2329 quod
805 2279 955 2329 protuli
996 2289 1061 2319 me
1094 2290 1173 2318 non
1207 2278 1447 2329 intellegere
1486 2279 1637 2328 quibus
1676 2279 1716 2317 in

133 2351 319 2402 partibus
352 2346 400 2390 τὸ
432 2346 592 2403 πικρὸν
622 2347 716 2391 κτλ.
744 2350 1024 2397 contineatur,
1059 2352 1198 2399 aperte
1227 2348 1436 2388 confiteor.
1503 2347 1562 2387 Ea
1581 2350 1717 2388 autem

134 2421 220 2461 fere
252 2422 318 2460 est
350 2420 557 2460 sententia
589 2418 662 2459 Od.
698 2419 910 2467 Muelleri,
943 2420 1010 2476 qui
1044 2422 1137 2460 ante
1170 2420 1306 2470 ipsum
1338 2429 1494 2458 annum
1526 2417 1719 2467 01.84‚3,

136 2502 218 2541 quo
250 2502 363 2531 anno
383 2491 636 2541 Antigonam
669 2490 835 2529 doctam
863 2501 960 2529 esse
981 2491 1159 2539 scimus,
1194 2488 1441 2539 Sophoclem
1464 2499 1610 2528 omnes
1628 2488 1719 2526 illas

136 2560 445 2600 vicissitudines
466 2560 648 2600 subiisse
672 2556 958 2613 significat⁹⁵).
1011 2558 1091 2598 Ac‘
1103 2558 1288 2608 profecto
1319 2557 1416 2596 inde
1448 2558 1499 2596 ab
1532 2556 1719 2605 01.77,4,

234 2731 295 2777 95)
324 2733 365 2769 Ο.
392 2732 517 2768 Miiller
542 2731 633 2768 Hist.
661 2732 745 2769 Litt.
774 2732 919 2768 Graece.
946 2732 990 2766 ΙΙ.
1019 2731 1105 2774 116,
1132 2741 1236 2774 quem
1254 2729 1370 2764 locum
1395 2728 1637 2764 inchoavimus
1665 2740 1722 2763 su-

137 2805 203 2840 pra
227 2804 261 2827 n.
289 2793 353 2827 89:
393 2794 528 2828 Jedoch
555 2793 733 2827 erscheint
766 2794 801 2826 in
837 2792 927 2826 allen
952 2791 1090 2836 (siebeu
1117 2789 1288 2832 Stficken)
1319 2789 1376 2823 die
1403 2788 1583 2833 tragische
1610 2789 1723 2823 Kunst

141 2854 203 2886 des
230 2851 427 2896 Sophocles
460 2850 569 2895 vollig
604 2850 875 2895 durchgebildet
908 2850 982 2883 und
1007 2860 1071 2882 nur
1098 2850 1174 2882 sich
1202 2848 1311 2883 selbst
1337 2847 1477 2893 gleich3
1526 2845 1723 2892 Sophocles
