1843 3058
1677 57 1713 106 »9

137 189 308 234 humani
337 185 533 232 notione,
575 183 852 235 Sophocleam
883 195 982 224 vero
1014 182 1340 234 descriptionem
1370 183 1546 225 alienam
1573 196 1597 224 a
1623 194 1715 234 per-

103 245 110 252 ·
136 248 317 304 sectione
346 255 438 301 illa,
470 253 593 296 tertia
622 258 762 295 autem
781 266 944 294 morum
963 254 1343 295 adumbrandorurn
1363 254 1470 295 ratio
1491 253 1714 305 Lessingio

137 331 305 384 quidem
341 337 427 365 non
467 323 732 374 proponitur,
784 329 935 374 sponte
986 323 1217 365 confeceris
1264 323 1529 375 Lessingium
1576 323 1714 374 ipsum

137 397 293 442 Hurdio
324 393 574 439 assentitum
604 405 743 435 mores
773 393 817 434 in
848 393 1093 445 Sophocleis
1123 393 1273 436 sabulis
1313 394 1372 436 ita
1400 393 1614 436 institutos
1641 405 1715 446 pu-

137 469 316 516 tavisse,
357 472 404 508 ut
434 464 686 506 conveniant
727 477 820 505 cum
859 465 1084 506 universali
1125 465 1197 505 illa
1228 470 1298 506 aut
1327 465 1508 506 hominis
1541 465 1713 507 notione

137 544 208 583 aut
245 536 427 581 virtutis*
449 539 519 576 aut
557 534 681 583 vitii,
721 546 843 587 quam
890 534 1134 575 inductione
1174 534 1433 586 singulorum
1478 535 1717 586 philosophi

138 608 275 660 colligi
314 604 543 660 dicuntffl).-
617 606 670 646 At
710 610 757 646 tu
797 604 876 645 hac
913 604 956 643 in
997 616 1044 645 re
1082 604 1232 645 iterum
1272 605 1434 646 dolebis
1481 605 1714 646 criticorum

134 677 362 730 principem
391 686 477 715 non
511 679 733 716 executum
762 686 861 715 esse
892 686 1043 714 munus
1076 673 1146 714 cui-
1173 674 1389 724 videbatur
1424 687 1472 715 se
1506 675 1713 716 accinctu-

135 760 214 789 rus-
238 745 394 794 fuisse,
426 758 520 787 cum
550 745 650 786 huic
679 744 741 786 rei
769 744 962 787 uberiore
984 744 1271 794 disputatione
1302 756 1407 794 opus
1438 757 1535 786 esse
1559 744 1716 787 diceret

137 809 261 870 quain
291 828 400 868 quae
430 815 623 867 angustis
654 814 1025 856 annotatiunculae
1045 814 1197 856 finibus
1219 814 1715 869 comprehenderetur-²¹).

134 890 186 931 Ut
217 876 551 937 enim'speciem
590 886 678 928 veri
707 897 820 937 prae.
849 897 897 926 se
925 886 1060 927 ferant
1101 897 1208 938 quae
1239 898 1264 926 a
1295 886 1513 938 Lessingio
1552 886 1718 937 prodita

138 963 259 1006 sunt,
309 962 448 999 tamen
492 969 600 1009 quae
637 957 762 998 fuerit
802 956 1012 998 sententia
1041 955 1262 1007 Sophoclis
1305 958 1355 997 ab
1393 956 1462 997 illo
1504 969 1588 996 non
1626 968 1717 1007 per-

136 1034 325 1081 spectum
356 1032 432 1069 est.
470 1026 609 1069 >Poeta
638 1027 739 1079 quid
758 1027 837 1067 sibi
857 1026 1052 1074 voluerit,
1085 1026 1197 1067 haud
1218 1026 1306 1067 scio
1337 1038 1389 1067 an
1413 1038 1535 1067 nemo
1561 1027 1716 1068 rectius

137 1098 430 1143 diiudicaverit
478 1111 603 1151 quam
650 1098 736 1139 Ed.
769 1098 1082 1139 Muellerus:
1132 1097 1391 1149 Sophocleos
1433 1109 1595 1147 mores,
1637 1098 1718 1140 etsi

139 1170 352 1222 perfectae
383 1169 547 1210 virtutis
581 1168 834 1219 exemplaria
865 1180 945 1209 nec
974 1168 1128 1209 fuerint
1167 1180 1305 1220 neque
1336 1154 1444 1209 esse
1473 1169 1557 1209 ullo
1588 1170 1715 1210 modo

139 1239 378 1286 debuerint,
420 1245 560 1281 tamen
591 1240 715 1281 altius
748 1238 900 1290 aliquid
933 1239 1091 1289 spirare
1123 1244 1163 1280 et
1194 1240 1307 1291 quod
1338 1238 1595 1291 tragoediam
1625 1251 1716 1289 pro-

138 1311 229 1362 prie
260 1308 481 1361 deceat22).
557 1309 673 1351 Hanc
702 1309 829 1361 igitur
861 1308 1109 1350 sententiam
1141 1309 1234 1359 ipso
1266 1321 1319 1350 ex
1349 1309 1576 1350 Aristotele
1608 1321 1717 1349 com-

137 1382 314 1431 probare
345 1379 563 1429 oportebit.

191 1533 196 1536 ⁴
232 1520 293 1565 20)
328 1520 353 1554 l.
375 1531 406 1557 c.
429 1530 466 1564 p.
489 1518 558 1554 296
583 1523 702 1553 annot.

233 1578 294 1622 21)
327 1578 414 1612 ibid.
440 1588 477 1622 p.
495 1577 563 1612 297
590 1587 670 1610 anu.

231 1637 293 1681 22)
327 1637 500 1671 Iudicavit
523 1636 592 1669 hac
618 1636 662 1669 de
688 1646 725 1669 re
749 1635 814 1672 Ed.
842 1635 1055 1678 Muellerus,
1089 1647 1240 1679 quocum
1275 1637 1374 1671 nobis
1408 1638 1511 1683 plane
1544 1627 1717 1681 convenit,

137 1700 174 1731 in
197 1697 286 1730 libro
313 1706 416 1738 quem
443 1705 551 1738 supra
574 1694 798 1728 laudavimus
813 1718 823 1735 ,
846 1699 932 1728 tom.
953 1695 982 1738 1,
1008 1706 1043 1738 p.
1064 1695 1146 1736 223,
1172 1707 1206 1729 n.
1227 1696 1269 1730 3:
1304 1696 1483 1738 „Obwohl
1504 1698 1588 1731 aber
1606 1698 1719 1733 selbst

138 1755 321 1798 „Lessing
346 1753 445 1788 Hurd
468 1751 744 1797 beizupflichten
770 1751 932 1793 scheint,
957 1762 997 1786 so
1024 1752 1117 1787 kann
1146 1754 1237 1788 doch
1262 1754 1468 1798 unmoglich
1492 1755 1610 1789 dieser
1633 1755 1718 1790 Sinn

138 1814 206 1855 „in
237 1813 305 1846 die·
320 1813 440 1845 Worte
464 1810 585 1854 gelegt
609 1811 773 1853 werden,
807 1811 879 1845 und
905 1822 1005 1845 wenn
1031 1812 1182 1855 Lessing
1206 1812 1424 1857 behauptet‚
1456 1838 1486 1856 >„
1496 1831 1517 1856 5,
1531 1814 1595 1848 der
1617 1814 1720 1848 Dich-

138 1874 274 1920 ,‚„ter,
300 1868 453 1904 welcher
477 1868 534 1902 die
561 1867 694 1901 hdhere
718 1868 929 1904 moralische
955 1869 1277 1904 Vollkommenheit
1301 1870 1424 1904 seinen
1446 1871 1623 1906 Persouen
1648 1873 1721 1906 bei·

137 1929 298 1973 „„leg.t,
336 1927 512 1962 schildere
547 1925 758 1971 umgekehrt
792 1928 893 1962 mehr
926 1929 961 1962 in
993 1928 1057 1963 der
1081 1929 1215 1963 Manier
1240 1930 1303 1964 des
1330 1929 1538 1974 Euripides,
1573 1930 1626 1965 als
1656 1931 1719 1966 des

137 1985 488 2032 „„Sophokles‚““
522 1995 561 2019 so
584 1984 678 2018 kann
705 1987 794 2019 auch
822 1986 917 2019 diess
944 1986 1041 2020 nicht
1075 1989 1284 2032 zugegeben
1310 1988 1464 2022 werden.
1515 1989 1719 2035 Allerdings

137 2046 255 2090 „aber
278 2045 327 2079 ist
351 2054 395 2078 an
419 2043 741 2079 Vollkom‘menheit
765 2044 812 2078 im
839 2049 960 2090 streng
985 2046 1221 2081 moralischen
1246 2046 1355 2081 Siune
1391 2046 1450 2081 bei
1475 2047 1543 2082 den
1571 2048 1719 2083 Worten

138 2103 275 2148 „croug
298 2100 360 2138 δεῖ
380 2103 470 2137 auch
496 2102 594 2136 nicht
621 2112 666 2135 zu
683 2102 867 2136 denken.“
907 2104 1135 2137 Luculentius
1162 2106 1267 2138 etiam
1292 2105 1387 2139 idem
1414 2106 1583 2150 exposuit
1604 2118 1639 2151 p.
1657 2108 1721 2141 17:

137 2162 289 2207 „Demit
313 2161 427 2196 wollte
453 2160 656 2205 Sophokles
681 2161 767 2196 aber
789 2163 922 2205 gewiss
947 2162 1046 2197 nicht
1080 2162 1148 2197 den
1174 2162 1290 2198 Ruhm
1325 2163 1401 2198 sicli
1427 2164 1624 2209 zueigncn,
1659 2164 1721 2200 der

138 2222 293 2265 „keiner
324 2230 491 2265 gewesen
525 2222 642 2262 wire,
677 2220 760 2254 dass
787 2232 825 2255 er
848 2221 966 2257 nichts
1003 2222 1055 2256 als
1080 2222 1331 2258 Musterbilder
1365 2223 1597 2258 moralis-aher
1627 2224 1722 2258 voll-

138 2280 413 2323 ,‚kommenlieit
428 2278 614 2324 sufetelle;
638 2297 685 2303 -
710 2279 776 2312 wie
794 2280 912 2324 wenig
930 2280 1011 2314 sind
1035 2280 1132 2315 dieas
1158 2281 1247 2315 auch
1274 2280 1331 2314 die
1357 2281 1567 2317 charactere
1590 2282 1625 2315 in
1652 2283 1720 2317 den

139 2338 479 2385 „Sophokleischen
503 2337 723 2383 Tragiidien!
748 2356 795 2362 —
819 2338 911 2373 wohl
937 2340 1041 2381 aber,
1081 2339 1165 2375 dass
1191 2350 1228 2374 es
1255 2340 1303 2374 im
1329 2340 1469 2375 Ganzen
1505 2341 1624 2375 Bilder
1659 2342 1721 2376 der

138 2397 335 2442 „edleren‚
361 2397 602 2431 erhabeneren
616 2394 839 2431 Meuschheit
863 2398 980 2439 seien,
1008 2399 1064 2432 die
1084 2408 1123 2432 er
1142 2400 1331 2441 entwerfe‚
1357 2400 1423 2433 wie
1449 2400 1526 2433 sich
1546 2400 1641 2434 diess
1664 2400 1720 2434 fiir

138 2456 245 2500 „deu
274 2455 616 2499 Tragfidiendichter
647 2455 779 2499 zieme,
814 2456 983 2491 wiihrend
1017 2457 1098 2491 Eur.
1135 2457 1191 2491 die
1232 2458 1423 2492 menschen
1455 2457 1491 2490 in
1516 2458 1602 2492 aller
1621 2459 1722 2493 ihrer

138 2515 395 2559 „Gemeinheit
421 2515 500 2550 'und
534 2513 836 2560 Schlechtigkeit,
870 2516 934 2551 das
963 2515 1131 2560 Niedrige
1169 2517 1242 2551 und
1279 2516 1473 2552 Kleinliche
1507 2517 1570 2552 des
1596 2518 1721 2562 alltfig-

138 2574 285 2619 „lichen
311 2575 450 2609 Lebens
475 2584 542 2608 uns
569 2585 630 2609 vor
654 2576 781 2618 Augen
806 2574 946 2608 stelle.“
974 2593 1009 2600 -
1053 2575 1213 2611 Similem
1238 2587 1320 2610 vero
1345 2576 1485 2610 videtur
1518 2576 1720 2620 significare

139 2634 349 2669 sententiam
386 2632 534 2668 Bernh
546 2632 625 2666 ard
638 2642 717 2675 yus
756 2633 844 2668 Hist.
872 2643 972 2677 poes.
1000 2634 1123 2669 Graec.
1148 2635 1191 2668 [Ι.
1229 2645 1266 2679 p.
1294 2634 1364 2669 292
1403 2634 1493 2678 (our.
1523 2634 1585 2678 11).
1653 2636 1719 2677 Qui

140 2703 219 2727 cnm
243 2692 449 2736 Euripidem
475 2692 618 2734 quidem
644 2695 802 2726 notatum
832 2691 1034 2736 intellegat,
1063 2693 1156 2735 quod
1183 2694 1301 2728 studio
1326 2693 1478 2736 quodam
1505 2694 1552 2728 ad
1576 2694 1720 2730 humilis

139 2752 367 2804 vulgarisque
370 2751 512 2803 gilae
518 2750 748 2801 condicionis
751 2750 938 2804 imagines
972 2752 1131 2786 trahatur
1156 2752 1207 2795 (p.
1230 2751 1337 2796 359),
1376 2736 1720 2796 sophoms

141 2793 241 2852 qnae*
263 2809 300 2842 in
336 2797 600 2854 descriptione
609 2818 745 2843 morum
770 2798 1007 2844 honestorum
1041 2809 1239 2844 liberalium
1272 2809 1504 2855 ingenuorum
1530 2815 1720 2856 ponuntur,

141 2866 209 2902 etsi
233 2873 376 2902 revocat
401 2868 447 2903 ad
471 2868 701 2903 imitationem
728 2869 870 2903 Homeri
897 2868 949 2914 (p.
970 2867 1077 2914 305),
1110 2868 1262 2904 illustrat
1295 2873 1410 2904 tamen
1446 2870 1609 2914 exemplo
1643 2871 1720 2905 Ari-
