1843 3058
1630 70 1691 118 13

116 208 312 261 positum.
370 203 472 242 Nam
502 201 631 241 multo
661 198 862 240 remotius
895 201 960 238 est
990 197 1073 237 hoc
1101 196 1246 238 vitium
1287 199 1337 238 ab
1370 196 1470 237 artis
1501 196 1695 246 poeticae

118 282 287 323 natura,
329 281 453 323 quam
484 279 593 320 quae
631 267 715 318 ipsi
753 268 832 309 arti
864 278 986 319 quam
1016 272 1138 308 vocat
1183 270 1449 317 opponuntur
1479 266 1599 317 quasi
1628 277 1694 306 se-

117 349 259 388 iuncta
288 339 532 383 imitationis
564 349 722 390 genera
752 349 858 390 quae
890 338 945 379 ad
975 337 1124 377 melius
1156 341 1346 387 spectent
1376 341 1447 377 aut
1471 337 1522 377 ad
1542 336 1695 377 famam

116 400 371 469 popularem.
425 409 554 451 *Haec
594 407 703 450 enim
734 408 821 450 duo
852 419 1011 461 genera
1043 419 1135 449 cum
1174 406 1216 448 in
1259 406 1442 449 moribus
1473 410 1694 448 versentur

119 491 243 537 atque
271 483 314 525 in
345 482 472 523 rebus
504 478 656 520 divinis
669 476 741 531 2‘),
780 478 822 519 in
857 477 971 520 omni
1011 478 1099 519 fere
1136 478 1275 521 fabula
1309 489 1430 519 suum
1449 481 1606 520 tenent
1634 477 1695 518 lo-

120 561 213 598 cum
249 549 574 602 necessarioque
616 550 669 591 ad
700 553 832 591 artem
860 548 1098 600 pertinent3
1141 548 1243 590 illud
1273 560 1372 590 vero
1403 548 1548 590 vitium
1580 547 1693 599 quod

120 629 238 668 extra
274 625 407 664 artem
448 618 716 660 commissum
760 624 850 669 est,
901 620 1134 660 luculenter
1170 618 1447 669 philosophus
1487 618 1695 670 significat

119 704 221 734 casu
240 691 305 732 vel
335 688 609 742 neglegentia
637 689 829 730 accidere
858 688 1067 739 interdum
1092 700 1241 738 posse:
1271 688 1511 729 necessaria
1527 687 1695 739 quidem

115 762 186 802 illa
221 771 318 810 pars
358 758 421 798 in.
443 769 525 810 qua
565 759 803 816 continetur
840 762 1058 809 peccatum
1101 757 1282 814 omnino·
1313 770 1397 797 non
1437 762 1515 797 est.
1588 756 1695 803 Quid

116 827 271 883 igitur?
332 828 423 871 Etsi
460 829 640 875 fateare,
682 828 898 870 molestius
929 828 1038 869 hanc
1067 826 1394 869 controversiam
1436 826 1695 868 interiectam

119 912 239 947 esse,
280 910 406 950 quam
437 910 490 939 ex
521 898 668 940 ordine
699 898 994 949 disputationis
1035 903 1143 939 erat:
1184 902 1325 939 tamen
1363 896 1524 938 facilius
1565 896 1694 937 fertur

118 971 346 1011 membrum
374 967 687 1019 interpositum,
730 968 927 1021 quoniam
966 970 1036 1009 lex
1075 966 1370 1019 disputationis
1409 966 1490 1017 ipsi
1521 965 1695 1007 exordio

118 1046 184 1082 est
202 1038 419 1090 praefixa:
450 1050 574 1091 quam
597 1040 667 1091 qui
695 1040 774 1082 sibi
792 1040 1081 1091 proposuerit,
1114 1039 1194 1080 etsi
1211 1040 1439 1089 paullulum
1460 1037 1696 1079 detineatur

119 1108 408 1151 controversia
446 1120 595 1151 recens
634 1109 815 1160 inserta,
868 1113 1006 1151 tamen
1056 1109 1164 1150 viam
1210 1108 1448 1149 inchoatam
1495 1120 1544 1148 ac
1577 1118 1696 1158 prae-

120 1179 315 1230 scriptam
334 1192 417 1220 non
442 1180 594 1230 poterit
616 1193 698 1221 non
720 1184 879 1222 tenere.
927 1180 1183 1233 Intellegitur
1210 1184 1370 1226 autem,
1402 1178 1697 1229 philosophum

119 1260 213 1290 cum
252 1250 306 1290 de
344 1248 397 1290 iis
438 1249 779 1292 excusationibus
820 1254 1072 1301 exponeret,
1116 1261 1220 1301 quas
1260 1250 1314 1290 ad
1357 1248 1526 1299 ipsam
1565 1252 1696 1289 altem

117 1320 327 1370 pertinere
378 1319 497 1367 dicit,
549 1320 726 1362 subinde
772 1320 815 1360 in
857 1322 1031 1361 modum¹
1073 1320 1164 1361 eius
1216 1320 1327 1371 quod
1374 1317 1694 1360 contradictorie

120 1389 341 1440 opponitur
378 1401 430 1430 ea
469 1389 739 1431 subiunxisse
780 1401 886 1442 quae
928 1392 981 1431 ad
1022 1395 1153 1432 artem
1192 1389 1404 1430 omnino
1437 1401 1537 1429 non
1572 1387 1698 1439 perti·

119 1465 266 1502 neant:
308 1459 461 1513 quain
493 1473 540 1502 re
569 1460 664 1512 ipso
697 1462 993 1504 vocabulorum
1023 1460 1229 1510 delectu‚'
1259 1461 1370 1513 quod
1400 1470 1547 1511 parurn
1577 1470 1696 1500 accu-

118 1532 223 1581 rate
241 1529 346 1572 dixit
375 1524 487 1573 καθ’
518 1527 650 1584 αὕτῆν
680 1544 736 1573 sc.
768 1528 843 1584 τὴν
872 1530 1096 1585 ποιητικήν
1121 1533 1332 1573 turbatum
1361 1542 1457 1572 eum
1489 1541 1587 1572 esse
1614 1528 1696 1571 iam

119 1598 402 1651 dispiciemus.

236 1670 391 1720 Nempe
422 1669 504 1711 alia
528 1670 713 1711 exoritur
743 1669 962 1712 difficultas
996 1681 1130 1721 eaque
1155 1671 1296 1720 paullo
1316 1670 1540 1718 occultior,
1574 1680 1698 1721 quam

119 1738 245 1779 modo
276 1739 417 1792 attigi.-
454 1750 631 1791 eamque
662 1738 941 1781 Hermannum
975 1752 1060 1780 non
1089 1738 1363 1790 perspexisse
1400 1738 1491 1781 iure
1523 1739 1697 1782 mireris.

119 1809 381 1857 Quaesiven't
421 1810 531 1851 enim
570 1810 797 1861 quispiam,
846 1811 884 1850 si
922 1823 972 1851 ea
1002 1821 1110 1861 quae
1139 1809 1399 1860 perfectione
1441 1810 1598 1851 maiore
1628 1816 1699 1852 aut

117 1881 228 1921 fama
255 1881 446 1931 populari
478 1885 733 1921 excusentur
762 1880 863 1921 vitia
894 1882 1186 1923 contineantur
1212 1880 1254 1920 in
1279 1881 1463 1922 moribus
1485 1881 1698 1922 hominum

119 1950 373 1999 adumbratis
408 1955 450 1992 et
479 1953 604 1992 rebus
645 1951 819 1999 divinis,
861 1964 1000 1993 mores
1040 1957 1181 1994 autem
1221 1956 1263 1993 et
1300 1963 1370 1992 res
1411 1952 1578 1994 divinae
1607 1965 1701 2003 pro-

118 2019 233 2070 priae
265 2020 348 2062 sint
376 2020 521 2070 ipsius.
541 2021 785 2073 tragoediae
814 2027 954 2071 partes
988 2021 1137 2073 quibus
1167 2021 1371 2063 seiunctis
1400 2034 1454 2064 ne
1486 2035 1584 2064 esse
1612 2024 1701 2074 qui-

120 2090 314 2141 dem-*ars-
346 2089 506 2142 tragica
534 2090 692 2143 possit,
737 2103 809 2132 cur
838 2092 1009 2133 tandem
1039 2091 1290 2134 Aristoteles
1321 2091 1423 2133 vitia
1454 2104 1560 2144 quae
1592 2105 1700 2133 com-

119 2159 332 2203 mitta-ntur
360 2160 414 2201 inu
434 2160 598 2202 illorum
628 2161 860 2204 imitatione
890 2167 935 2204 ut
967 2162 1135 2204 diversa
1160 2163 1418 2213 separaverit
1446 2165 1498 2206 ab
1526 2163 1579 2204 iis
1608 2163 1697 2204 imi-

117 2230 288 2273 tationis
318 2229 504 2281 peccatis
535 2242 644 2283 quae
676 2234 730 2274 ad
759 2233 891 2284 ipsam
921 2232 1073 2283 poesin
1104 2230 1323 2283 spectent?
1368 2233 1445 2274 Cui
1473 2233 1702 2276 difficultati

118 2306 450 2345 consentaneum
481 2307 546 2344 est
580 2304 793 2345 medelam
832 2305 986 2345 nullam
1025 2302 1198 2350 afferre,
1247 2303 1318 2355 qui
1348 2316 1402 2345 ne
1433 2304 1582 2347 viderit
1612 2305 1700 2357 qui-

118 2373 236 2422 dem,
267 2373 560 2414 Hermannum.
608 2375 762 2415 Verum
787 2375 898 2416 illam
917 2374 1027 2416 sacili
1050 2374 1325 2424 expediemus
1344 2374 1698 2425 interpretationis

213 2510 273 2556 26)
309 2510 512 2546 Moribus
538 2513 680 2555 quidem
706 2523 774 2547 non
799 2514 845 2547 ad
871 2514 1052 2548 veritatem
1081 2514 1286 2558 expressis,
1320 2523 1389 2548 non
1423 2514 1486 2548 ulli
1519 2516 1578 2548 alii
1603 2516 1699 2560 parti

118 2570 281 2605 scenicae
315 2571 401 2606 arus
426 2570 680 2615 perfectionem
713 2572 878 2605 excusari
913 2572 1083 2606 maiorem
1117 2582 1266 2616 eamque
1300 2573 1505 2607 decentem:
1540 2584 1620 2607 cum
1654 2585 1700 2608 ex

119 2630 199 2673 ipsa
222 2639 260 2661 re
284 2633 426 2674 pateat,
461 2634 550 2662 tum-
572 2634 692 2674 aperte
725 2630 946 2674 significatur
970 2630 1014 2663 iis
1040 2640 1129 2672 quae
1155 2631 1321 2675 leg-untur
1354 2624 1433 2665 οἶοί
1452 2631 1571 2674 εἰσιν,
1596 2632 1698 2672 οἵους

119 2683 181 2722 δεῖ
201 2685 252 2732 (ᾗ.
273 2686 356 2731 11),
391 2684 580 2728 τοιούτους
610 2681 709 2724 εἶναι
744 2688 846 2729 οἵους
880 2687 1008 2730 Ζεῦξις
1042 2686 1213 2735 ἔγραψεν
1238 2688 1289 2734 (ξ.
1306 2689 1390 2733 28),
1424 2690 1542 2734 posito
1568 2702 1701 2737 prono-

118 2745 213 2778 mine
236 2746 444 2781 masculino.
503 2748 713 2782 Hominibus
749 2753 867 2783 autem
893 2749 929 2781 in
955 2748 1184 2782 instituendis
1211 2748 1296 2790 quid
1320 2749 1439 2792 potius
1465 2750 1701 2794 spectandum

120 2806 174 2837 est
198 2808 358 2849 poetae,
394 2813 500 2848 quam
525 2815 692 2840 morum
719 2804 938 2851 descriptio?
962 2823 1008 2830 --
1041 2805 1238 2840 Divinae
1274 2816 1356 2841 vero
1393 2817 1449 2841 res
1484 2808 1616 2844 diserte
1640 2817 1701 2841 no-

120 2860 296 2897 minantur
321 2862 356 2907 §-
377 2863 434 2899 13.
