1843 3058
126 25 192 77 12

121 150 257 205 gessit
300 151 512 193 Godofr.
557 150 901 192 Hermannus.
987 151 1058 192 llle
1090 151 1200 209 enim
1241 152 1285 193 in
1316 155 1624 197 commentariis
1655 158 1709 198 ad

122 224 247 272 caput
277 220 402 261 XXVI
434 220 622 272 scriptis,
663 220 986 272 primumquod
1020 221 1305 273 paragraphos
1339 224 1527 266 202-32
1559 229 1710 277 postea

120 291 287 333 additas
320 295 488 338 censet,
522 290 672 343 quibus
706 303 781 339 ea,
814 302 924 342 quae
954 302 1081 342 supra
1111 291 1224 333 dicta
1255 298 1396 343 erant,
1441 294 1485 336 in
1518 296 1707 338 ordinem

120 363 292 404 redacta
331 361 465 415 magis
508 361 657 404 fierent
696 359 1006 415 perspicua²⁴),
1056 366 1171 404 recte
1214 363 1394 405 fortasse
1441 365 1584 408 vidit..
1625 367 1711 410 Nec

120 437 259 475 tamen
289 432 360 475 illa
390 443 499 485 quae
527 431 801 485 paragraphis
835 432 992 475 1-—25
1027 433 1220 485 exposita
1251 439 1370 484 sunt,
1406 435 1468 476 sic
1498 436 1611 477 omni
1644 450 1709 479 or-

120 503 220 544 dine
250 507 366 545 recto
399 507 471 544 aut
502 503 680 544 consilio
711 502 906 544 videntur
938 503 1162 545 destituta:
1203 505 1329 546 immo
1370 506 1517 547 eadem
1547 507 1638 549 fere
1664 508 1707 548 in

120 573 296 614 exordio
336 573 482 624 capitis
524 578 689 615 tenetur
728 573 817 625 via,
858 585 981 625 quam
1026 576 1104 614 sub
1141 574 1268 615 finem
1306 580 1475 626 poetam
1517 581 1707 619 secutum

122 656 220 685 esse
250 644 514 685 Hermannus
546 643 753 696 agnoscit.
784 667 844 675 —
887 644 973 684 Hac
1012 644 1138 695 igitur
1180 645 1235 685 de
1273 657 1320 686 re
1353 647 1586 688 accuratius
1617 648 1707 689 -iam

120 713 368 754 videbimus.
399 736 459 745 ῌ
504 713 669 754 Etenim
700 725 810 763 quae
839 715 1037 764 leguntur
1066 715 1130 766 55.
1156 715 1370 761 26—-28,
1410 717 1504 767 quis
1544 722 1609 758 est
1638 718 1709 770 qui

122 796 209 825 non
239 784 457 836 intellegat
491 783 647 835 optime
679 795 913 836 congruere
946 796 1037 825 cum
1069 785 1133 837 55.
1162 787 1340 832 1-18,
1372 798 1455 827 non
1479 789 1710 830 rebustan-

119 860 242 904 tum,‘
271 866 416 896 verum
457 854 582 895 etiam
620 853 767 895 ordine
799 866 849 894 ac
880 854 1076 895 consilio:
1118 860 1164 895 ut
1193 856 1337 904 possis
1377 857 1580 907 suspicari
1619 858 1708 898 Ari-

119 925 314 966 stotelem
344 924 414 965 illa
445 923 691 964 adiunxisse
723 935 806 963 non
838 934 921 975 quo
952 923 1093 974 priora
1110 923 1266 965 rectius
1298 925 1596 974 constitueret,
1629 928 1705 968 sed

116 994 262 1046 paucis
292 1000 338 1036 ut
369 999 578 1045 repeteret
609 993 851 1035 memoriam
883 1006 1029 1035 eorum
1060 1006 1168 1046 quae
1198 1006 1325 1045 supra
1345 995 1558 1046 copiosius
1589 1002 1707 1038 erant

118 1062 341 1116 exposita?
413 1063 698 1116 congruentia
742 1067 882 1104 autem
920 1063 1026 1105 haec
1067 1068 1144 1105 est.
1222 1064 1541 1117 Significaverat
1574 1065 1707 1117 philo-

119 1137 277 1189 sophus
308 1138 367 1191 (5.
391 1138 433 1188 2)
464 1136 545 1177 tria
574 1147 733 1188 genera
764 1147 862 1177 esse
892 1136 1172 1186 imitationis„
1192 1149 1317 1189 quam
1349 1138 1447 1179 dein
1474 1143 1545 1180 aut
1562 1150 1703 1180 veram

119 1218 217 1248 esse
249 1206 435 1247 ostendit
465 1211 536 1246 aut
565 1217 639 1255 per
664 1205 939 1255 impossibilia
965 1206 1145 1256 factam3
1176 1206 1390 1248 imitantur
1417 1207 1525 1248 enim
1545 1213 1705 1259 poetae

118 1274 144 1331 ἢ
177 1272 251 1320 οἷα
281 1269 332 1329 ἦν
363 1272 534 1328 ἣ-ἕστιν
558 1290 567 1299 ·
602 1266 628 1328 ἢ
660 1270 736 1318 οἷά
767 1290 879 1332 φασι
918 1278 992 1319 καὶ
1032 1277 1179 1319 δοκεῖ·
1211 1266 1238 1328 ἢ
1271 1272 1347 1320 οἷα
1386 1278 1473 1320 (5⁸5.-
1520 1277 1707 1321 similiter

117 1351 155 1400 ξ.
180 1348 234 1388 26
285 1347 528 1388 imitationis
579 1358 705 1397 quam
742 1346 833 1387 fieri
882 1358 1013 1396 posse
1062 1352 1218 1398 negant
1267 1348 1503 1388 referuntur
1549 1359 1708 1400 genera

122 1415 146 1471 ἢ
184 1416 297 1474 πρὸς
342 1414 416 1470 τὴν
464 1419 644 1468 ποίησιν
684 1404 709 1468 ἢ
750 1413 862 1473 πρὸς
906 1414 956 1459 τὸ
996 1417 1169 1471 βέλτιον
1216 1414 1242 1469 ἢ
1279 1414 1392 1474 πρὸς
1439 1415 1513 1470 τὴν
1559 1415 1703 1469 δόξαν.

120 1491 304 1541 Apparet
334 1488 507 1529 easdem
548 1488 599 1527 ab
637 1486 730 1536 ipso
771 1485 974 1536 scriptore
1013 1491 1155 1537 partes
1197 1487 1445 1529 constitutas
1487 1500 1585 1530 esse
1624 1487 1706 1529 loci

118 1558 367 1612 posterioris
399 1569 448 1598 ac
477 1556 647 1608 prioris:
681 1561 773 1608 'qua
802 1555 845 1596 in
876 1568 922 1597 re
954 1568 1008 1598 ne
1040 1569 1163 1610 quem
1198 1556 1383 1599 offendat
1412 1557 1631 1600 traiectum
1660 1557 1703 1598 in

118 1627 408 1681 propositione
437 1626 576 1677 priore
605 1628 833 1668 membrum
866 1627 1074 1675 medium,
1105 1627 1331 1677 disputatio
1361 1627 1455 1677 ipsa
1486 1628 1634 1669 eadem
1661 1627 1704 1668 in

118 1702 299 1750 utroque
338 1697 432 1739 loco
471 1694 540 1737 via
577 1694 780 1745 procedit.
849 1694 1078 1747 Utrobique
1110 1694 1220 1736 enim
1251 1694 1501 1738 Aristoteles
1529 1695 1702 1747 primum

120 1770 172 1810 ad
204 1768 338 1818 ipsam
369 1766 519 1817 poesin
560 1766 837 1816 impossibilia
878 1777 987 1816 quae
1025 1765 1219 1806 videntur
1257 1766 1406 1816 refert3
1452 1766 1552 1807 dein
1592 1767 1704 1818 quod

119 1851 189 1881 res
222 1851 305 1878 non
339 1850 464 1879 verae
504 1836 588 1878 sint
626 1836 858 1878 imitatione
897 1847 1147 1886 expressae,
1188 1836 1490 1886 perfectionem
1530 1842 1706 1879 excusat

119 1909 342 1960 maiorem3
366 1908 559 1967 „denique
587 1907 809 1949 imitationi
839 1907 1075 1957 praemunit
1104 1918 1155 1948 ea
1186 1918 1292 1959 quae
1322 1906 1665 1967 perhibentutssss‘).

234 1991 389 2032 Verum
427 1989 607 2042 ingessit
647 2000 751 2030 sane
791 1988 1067 2038 Aristoteles,
1106 1988 1178 2029 ubi
1214 1987 1331 2039 prius
1370 1992 1496 2040 atque
1533 1988 1705 2030 uberius

121 2063 177 2103 de
205 2060 439 2103 imitatione
478 2063 551 2101 aut
589 2070 691 2101 vera
730 2062 801 2100 aut
842 2062 1115 2100 controversa
1155 2057 1377 2108 disseruit,
1417 2061 1605 2111 quartam
1642 2056 1702 2099 in-

120 2143 248 2183 super
284 2129 351 2172 cui
391 2128 586 2171 excusari
623 2128 761 2180 possit
790 2128 1177 2180 reprehensionem.
1252 2127 1361 2170 Dicit
1401 2127 1511 2170 enim
1542 2127 1708 2179 peccari

120 2212 253 2252 posse
282 2200 327 2241 in
359 2211 406 2242 re
437 2199 598 2249 aliena,
642 2199 757 2240 velut
788 2198 825 2240 si
855 2198 948 2252 quis
991 2210 1143 2252 equum
1175 2200 1318 2241 ambos
1357 2199 1492 2250 pedes
1532 2198 1704 2240 dextros

118 2272 402 2324 proferentem
424 2270 595 2312 inducat
626 2271 693 2312 vel
725 2279 890 2312 cervam
922 2274 1158 2311 cornutam:
1191 2278 1315 2323 quam
1334 2268 1704 2321 reprehensionem

121 2348 168 2384 ut
196 2342 238 2382 in
270 2354 315 2382 re
345 2341 506 2382 leviore
534 2340 700 2382 facilius
730 2340 889 2382 iudicat
920 2339 1125 2394 solvissb).
1186 2340 1373 2381 Debebat
1403 2343 1543 2381 autem
1572 2338 1704 2390 philo-

119 2412 281 2464 sophus
314 2416 355 2452 et
384 2421 620 2462 proponere
660 2410 769 2452 hanc
810 2410 1139 2452 controversiam
1185 2415 1226 2451 et
1266 2411 1432 2451 solvere
1474 2408 1705 2451 seiunctam

120 2495 146 2525 a
162 2481 306 2524 vtribus
337 2480 418 2522 illis
447 2481 658 2532 partibus,
702 2481 755 2522 ad
787 2490 892 2532 quas
918 2479 1193 2531 impossibilia
1229 2479 1375 2522 referri
1413 2478 1496 2520 iam
1537 2483 1603 2519 est
1634 2489 1705 2519 ex-

215 2643 276 2691 24)
313 2644 402 2680 God.
417 2645 613 2679 Herman
626 2644 669 2676 ni
691 2642 901 2678 Commentt.
921 2644 957 2677 in
976 2654 1006 2677 c.
1026 2643 1157 2679 XXVI.
1176 2642 1208 2677 5.
1237 2642 1281 2676 cf.
1302 2640 1464 2676 eiusdem
1481 2639 1592 2685 praef.
1614 2648 1649 2684 p.
1661 2639 1704 2673 V.

216 2713 277 2757 25)
313 2714 335 2746 1.
357 2724 388 2747 c.
412 2713 469 2758 55.
487 2713 599 2748 7-9
624 2713 668 2747 cl.
691 2714 762 2757 2⁷3
787 2712 823 2757 5.
843 2714 884 2748 lt
910 2714 951 2747 cl.
971 2713 1040 2757 283
1067 2712 1127 2757 55.
1146 2714 1201 2749 12.
1226 2711 1269 2747 13
1290 2712 1335 2746 cl.
1350 2711 1409 2748 29.
1458 2711 1553 2755 Lego
1573 2710 1707 2745 Aristo-

119 2773 227 2808 telem
253 2781 357 2815 quem
386 2771 607 2807 Hermannus
633 2770 757 2808 edidit.

215 2831 302 2876 251»)
340 2832 360 2865 Ι.
381 2842 411 2866 c.
444 2830 502 2876 550
521 2831 557 2868 6.
581 2833 635 2869 10.
