1843 3058
127 51 156 99 2

126 175 284 221 librum,
317 186 402 214 non
435 175 564 214 multo
594 174 743 215 melius
773 175 814 215 in
846 175 926 216 hac
956 175 1125 227 quidem
1156 176 1296 226 operis
1318 181 1436 228 parte
1461 180 1702 218 versaturus

124 246 286 286 fuisset.
346 245 543 293 Quamvis
586 245 697 286 enim
735 245 912 296 plurima
952 245 1179 287 adiecisset
1221 252 1407 288 veterum
1447 246 1703 289 testimonia:

124 321 213 357 erat
241 320 381 355 tamen
415 314 565 354 summi
597 315 671 355 viri
703 320 744 356 et
775 315 918 357 critica
948 317 1071 358 laude
1093 316 1281 357 florentis
1315 317 1529 359 elaborare
1558 317 1602 358 in
1623 322 1708 359 stu-

124 386 204 427 diis
236 384 495 437 antiquitatis
527 397 611 425 non
643 386 768 426 modo
808 391 854 427 ut
891 386 1029 436 ipsum
1069 385 1326 438 antiquitatis
1372 386 1589 438 ingenium
1617 388 1708 428 illu-

125 459 297 503 straret,
340 454 414 494 sed
456 453 598 503 potius
639 459 685 495 ut
717 455 957 496 reconditas
990 456 1206 497 doctrinae
1238 467 1341 506 opes
1372 455 1413 495 in
1444 456 1582 497 lucem
1610 467 1707 507 pro-

124 525 310 566 traheret
340 529 622 575 purgaretque
663 537 688 565 a
718 526 892 566 maculis
929 538 1033 577 quas
1067 526 1182 567 falsis
1208 531 1279 567 aut
1317 525 1529 577 perversis
1563 526 1706 567 docto-

123 607 214 635 rum
244 595 594 645 indoctorumque
625 593 839 634 hominum
883 595 1033 636 studiis
1064 596 1300 637 induerant.
1371 596 1514 648 Neque
1551 594 1595 635 id
1625 599 1709 636 tam

123 663 304 705 hominis
338 664 458 713 culpa
488 662 640 704 accidit
680 676 804 715 quam
843 665 1006 706 aetatiS.
1077 666 1193 719 Quae
1236 666 1346 707 enim
1389 670 1477 706 erat
1506 665 1576 706 illo
1605 669 1649 707 te

123 748 226 787 pore
266 734 500 776 studiorum
540 735 666 783 rati0,
716 736 770 776 ad
820 735 1136 786 concipiendam
1183 736 1321 778 animo
1364 736 1490 778 unam
1529 733 1668 788 aliqua
1704 729 1706 731 ’

122 804 373 858 imaginem,
413 815 496 856 qua
526 805 694 855 propria
724 810 810 846 tum
852 804 1107 847 Graecorum
1136 810 1225 848 tum
1255 806 1537 848 Romanorum
1570 804 1707 857 ,expri-

123 879 307 917 meretur
346 872 447 915 artis
488 872 654 915 indoles
695 879 736 917 et
781 873 1216 926 consuetudo'vitae,
1264 876 1450 918 nondum
1491 880 1588 918 sunt
1618 865 1710 918 ausi

124 946 201 987 viri
232 944 346 985 docti
389 943 601 994 aspirare,
645 945 722 985 sed
753 945 878 986 variis
910 950 1034 997 atque
1065 946 1285 998 plurimum
1318 955 1447 997 saepe
1485 944 1708 988 aberranti-

124 1020 201 1059 bus
231 1013 552 1068 quaestionibus
572 1043 582 1060 ‚
600 1015 805 1065 ‘quamvis
836 1015 888 1055 iis
921 1021 961 1057 et
994 1015 1326 1069 diligentissimis
1358 1026 1488 1066 saepe
1518 1020 1560 1057 et
1588 1022 1709 1068 argu-

123 1085 324 1132 tissimis,
368 1084 676 1126 detinebantur.
737 1085 851 1126 Haec
882 1093 972 1126 cum
1005 1087 1126 1127 facile
1164 1088 1393 1137 probentur
1430 1085 1611 1127 intuenti
1640 1085 1711 1138 qui

121 1155 246 1197 fuerit
273 1166 349 1205 per
379 1154 487 1195 haec
528 1153 699 1206 triginta
738 1156 870 1196 lustra
907 1154 949 1195 in
983 1155 1206 1197 Germania
1243 1154 1510 1205 potissimum
1551 1154 1708 1197 studio·

121 1238 213 1267 rum
243 1224 462 1269 decursus,
495 1235 574 1264 nos
605 1227 745 1265 tamen
777 1236 859 1265 non
893 1226 945 1266 ad
980 1224 1260 1267 universalem
1281 1226 1491 1278 quandam
1521 1230 1708 1267 normam

125 1297 402 1347 disputamus,
437 1294 513 1334 sed
543 1293 677 1344 ipsius
711 1294 921 1347 Lessingii
954 1297 1155 1337 docemur
1188 1296 1306 1337 libro.
1368 1296 1406 1337 Is
1440 1307 1538 1337 vero
1569 1304 1709 1348 quem-

124 1366 352 1408 admodum
383 1363 622 1416 quaestioni
653 1364 707 1405 de
737 1364 959 1415 Sophoclis
991 1365 1198 1407 iudicibus
1230 1365 1302 1425 xsix
1327 1364 1550 1408 inchoatae
1579 1375 1709 1407 anno-

125 1436 306 1479 tationes
348 1434 554 1487 quasdam
592 1434 840 1484 prosodicas
891 1433 1095 1483 subiecit,
1147 1435 1210 1476 sic
1246 1435 1384 1477 statim
1422 1435 1464 1475 in
1507 1435 1709 1476 minorem

125 1507 249 1549 etiam
279 1507 419 1546 locum
460 1505 682 1553 detrusus,
724 1510 770 1546 ut
810 1505 958 1557 quibus
1002 1510 1129 1556 poeta
1161 1505 1710 1566 Qflffiffffiflfflamffijffiet

125 1575 377 1629 cognomina
416 1574 631 1633 colligeret
649 1576 706 1630 ⁶),
753 1575 824 1617 ubi
864 1588 887 1616 e
926 1581 1070 1617 vetere
1110 1562 1232 1617 Vitae
1272 1574 1483 1627 Scriptore
1521 1580 1647 1628 atque
1685 1586 1717 1615 ef

123 1645 254 1687 Suida
283 1650 408 1697 atque
441 1644 564 1686 etiam
599 1656 652 1685 ex
681 1644 919 1697 Phrynicho
944 1646 1095 1687 Arabio
1127 1645 1334 1697 quaedam
1367 1645 1596 1697 congessit,
1625 1645 1709 1685 iam

124 1715 273 1758 Mureti
302 1716 441 1756 locum
474 1726 498 1756 e
529 1714 633 1756 libro
647 1714 863 1756 variarum
895 1714 1139 1756 Lectionum
1168 1714 1301 1766 primo
1333 1712 1471 1765 affert,
1503 1725 1586 1767 quo
1604 1723 1726 1756 usus-

121 1786 250 1828 iudici
279 1785 413 1827 veteri
442 1785 686 1837 refragetur.
751 1787 888 1836 Atque
928 1785 1011 1826 hoc
1051 1797 1154 1827 sane
1191 1784 1403 1836 proprium
1444 1790 1509 1826 est
1538 1780 1710 1826 Lessin-

123 1857 180 1909 gii
210 1850 347 1909 genus
378 1854 640 1902 disserendi,
690 1859 736 1896 ut
765 1860 944 1907 vagatus
975 1867 1050 1906 per
1089 1855 1389 1907 amplissimum
1430 1857 1573 1897 orbem
1602 1854 1708 1897 litte-

121 1938 259 1968 rarum
289 1925 360 1966 ubi
392 1936 516 1976 quam
545 1924 745 1975 plurimas
787 1925 929 1975 copias
973 1926 1258 1978 congesserit,
1306 1930 1391 1967 tum
1419 1925 1475 1965 'in
1514 1927 1608 1966 loco
1642 1925 1707 1966 vel

123 1996 294 2038 minimo
328 2007 375 2037 se
407 1993 586 2047 defigat,
629 1994 670 2034 in
704 2007 786 2047 quo
819 2000 890 2037 aut
922 1995 1153 2037 doctrinam
1184 1996 1382 2038 ostendat
1412 1999 1483 2037 aut
1514 1999 1708 2036 exerceat

124 2079 313 2109 acumen.
376 2065 485 2107 Vitio
522 2069 662 2107 autem
692 2065 751 2106 illi
781 2070 827 2107 ut
857 2065 966 2107 hanc
995 2077 1083 2108 rem
1114 2071 1340 2115 vertamus,
1373 2070 1572 2118 quantum
1603 2064 1709 2107 absit

121 2139 163 2178 in
196 2149 247 2178 eo
277 2135 505 2187 praecipue
528 2135 647 2182 libro,
682 2134 800 2176 cuius
824 2135 1055 2187 discerptas
1075 2136 1272 2189 reliquias
1288 2135 1554 2189 Lessingium
1572 2134 1708 2186 ipsum
1774 2184 1780 2189 ,

123 2220 207 2248 non
238 2205 321 2246 nisi
351 2218 460 2246 novo
494 2206 636 2247 labore
662 2210 813 2247 'auctas
854 2212 895 2248 et
936 2206 1163 2257 dispositas
1195 2207 1401 2248 editurum
1430 2206 1564 2247 fuisse
1596 2207 1707 2260 certo

123 2277 220 2317 licet
252 2287 466 2316 asserere:
513 2276 580 2316 vel
610 2275 710 2316 inde
739 2275 996 2328 intellegitur
1026 2276 1140 2328 quod
1172 2275 1211 2317 ei
1238 2275 1475 2329 aequalium
1503 2275 1708 2317 rationem

123 2347 357 2388 studiorum
389 2358 658 2389 excusamus,
720 2347 874 2386 Verum
906 2346 1086 2388 accessit
1118 2359 1223 2388 sane
1253 2347 1336 2389 ista
1364 2346 1573 2388 scribendi
1601 2345 1707 2387 ratio

121 2416 288 2467 propria
317 2415 548 2467 Lessingii,
598 2415 669 2466 qui
710 2415 791 2456 nisi
832 2428 857 2456 a
898 2416 1146 2467 quibusdam
1185 2416 1372 2467 partibus
1407 2415 1707 2467 vituperandus

122 2490 333 2532 maneret,
373 2488 424 2526 ab
456 2485 549 2526 aliis
580 2485 716 2537 iisque
755 2490 842 2527 tam
883 2486 1023 2527 multis
1067 2498 1151 2527 non
1197 2487 1256 2527 ita
1296 2485 1508 2527 extitisset
1536 2486 1708 2526 laudan·

122 2557 216 2596 dus.
276 2554 385 2595 Tulit
416 2554 525 2594 enim
556 2554 638 2595 hoc
668 2567 819 2596 munus
852 2555 969 2604 eius,
1009 2556 1081 2607 qui
1119 2555 1272 2597 criticis
1312 2554 1439 2596 armis
1476 2554 1706 2596 instructus

121 2625 231 2665 viam
269 2624 525 2673 patefaceret
569 2629 609 2664 et
650 2624 911 2676 antiquitatis
952 2625 1091 2667 studio
1133 2624 1295 2666 meliori
1335 2629 1376 2665 et
1408 2624 1707 2666 Germanorum

119 2692 268 2735 litteris
308 2705 417 2735 nova
455 2693 715 2736 incrementa
761 2694 967 2746 capturis,
1018 2699 1064 2737 ut
1113 2694 1285 2736 infinitis
1327 2693 1707 2738 concertationibus

216 2847 253 2890 5)
281 2848 303 2881 Ι.
331 2849 354 2881 Ι.
381 2858 418 2892 p.
443 2849 520 2883 137.
549 2850 614 2882 sub
642 2850 705 2883 litt.
733 2849 807 2885 NN.
833 2866 879 2874 --
