1843 3058
145 48 210 102 28

141 178 281 216 autem
312 180 554 226 apparatum
593 175 662 216 vix
695 175 875 227 attingit,
909 186 1050 227 neque
1083 188 1182 216 vero
1202 171 1495 231 ἠθικώτατον
1515 177 1593 218 καὶ
1612 175 1727 229 βέλ-

140 253 296 287 τιστον
326 241 449 293 εἶδος
477 245 579 286 illud
612 247 725 296 quod
757 250 822 286 est
860 247 970 296 apud
1002 246 1267 286 Plutarchum
1306 258 1355 286 se
1395 247 1613 289 invenisse
1640 248 1726 288 ullo

138 314 233 355 loco
255 314 455 366 gloriatur
475 313 539 369 ⁶⁷).
601 316 860 367 Quamquam
893 316 993 367 quid
1025 317 1078 358 de
1111 316 1392 367 Aristophane
1426 317 1592 368 disputo
1614 319 1723 359 male

143 390 405 435 comparato,
447 398 540 425 cuin
585 398 637 426 ne
668 386 801 436 ipsius
834 386 1004 437 quidem
1035 386 1242 427 Plutarchi
1281 398 1454 428 sensum
1483 393 1598 429 recte
1626 389 1728 430 Les-

140 454 303 507 singius
333 453 626 506 perspexerit?
688 457 809 505 Quod
841 457 956 498 enim
997 452 1291 513 ἠθικώτατον
1330 452 1454 505 εἶδος
1482 457 1729 508 interpreta-

140 530 207 566 tur
237 525 463 566 honestum
495 538 630 577 genus
674 526 841 566 dicendi
872 531 914 567 et
952 527 1191 568 hominibus
1233 530 1340 568 bene
1389 527 1563 568 moratis
1604 538 1727 577 quam

145 595 325 636 maxime
357 595 638 642 conveniens,
688 607 772 635 non
811 595 946 645 potuit
978 596 1221 645 perversius
1252 593 1511 649 intellegere.
1600 597 1728 638 Immo

143 657 261 720 ἦθος
292 669 358 706 est
385 664 551 706 indoles
583 665 789 713 hominis,
822 678 946 716 quam
978 666 1068 706 sive
1101 668 1253 707 malam
1283 669 1403 707 voles
1422 667 1610 718 intellegi
1639 667 1729 707 sive

144 736 319 780 bonam,
364 734 608 775 nominatim
641 735 814 775 debebis
846 735 1092 775 attribuere:
1137 729 1307 790 ἧθικόν
1348 736 1478 788 igitur
1518 741 1583 777 est
1617 738 1729 787 quod

145 804 198 844 ad
229 816 369 844 mores
398 804 599 854 pertinet,
641 809 789 844 neutra
820 804 963 845 addita
994 805 1321 856 significatione,
1363 805 1535 856 pravine
1566 805 1729 846 intelle-

142 869 293 923 gantur
323 885 376 913 an
405 873 537 923 probi.
598 872 674 913 Ubi
702 884 804 913 vero
837 874 890 913 de
920 878 1010 914 arte
1040 874 1207 923 poetica
1237 875 1391 932 dicitur
1395 868 1621 936 Amnem
1651 874 1733 925 ipsi

1453 925 1683 946 “VM-“nma-

142 943 327 993 poemati
356 954 434 984 seu
465 943 625 1003 generi
645 942 813 1004 dicendi
850 955 1038 994 plopiie
1045 944 1302 1000 attribuitur
1313 945 1390 997 ei
1407 946 1565 1000 qii9d
1590 950 1730 995 aptum

229 997 418 1010 mmmm„
418 1001 471 1008 m.-
485 995 561 1005 *m-

95 1033 99 1047 r
144 1013 198 1054 sit
230 1014 281 1053 ad
316 1001 646 1082 exprimendos,
678 1014 993 1064 qualescunque
1034 1025 1057 1053 e
1098 1018 1248 1077 natura
1288 988 1453 1072 fabulae
1493 1015 1731 1056 desider-an

144 1090 232 1133 tur,
275 1095 415 1124 1no1es
457 1084 548 1124 sive
580 1077 721 1125 bonos
763 1078 852 1124 Sive
892 1084 1025 1124 malos
1044 1081 1105 1139 ⁰⁸)
1192 1065 1314 1125 Hanc
1344 1090 1482 1125 autem
1527 1084 1730 1128 orationis

238 1247 299 1290 67)
326 1249 534 1291 Lessingius
561 1248 703 1289 quidem
731 1248 825 1289 quod
852 1247 1000 1280 contulit
1023 1257 1165 1281 versum
1187 1247 1277 1281 945:

354 1304 476 1350 χυλὸν
501 1303 625 1344 διδοὺς
652 1303 944 1351 στωμυλμάτων
967 1301 1045 1338 ἀπὸ
1071 1304 1244 1349 βιβλίων,
1270 1302 1345 1338 ἀπ’
1372 1301 1494 1348 ἧθῶν;

148 1366 317 1410 abreptus
343 1365 461 1398 studio
489 1370 527 1399 ut
552 1375 675 1398 versus
702 1364 952 1408 Aristophanis
981 1364 1116 1396 similes
1139 1364 1307 1397 redderet
1325 1364 1399 1397 loco
1420 1366 1479 1406 qui
1505 1376 1525 1398 a
1550 1366 1736 1399 Plutarcho

131 1424 321 1470 ‘traditum
356 1424 488 1457 reiecta
513 1422 694 1456 Eustachii
719 1417 884 1464 ἀπηθῶν
909 1422 1130 1455 emendantis
1157 1423 1363 1455 auctoritate
1379 1446 1388 1463 ‚
1422 1423 1593 1457 tenaciter
1618 1423 1737 1458 defen-

150 1482 202 1517 dit
224 1482 412 1516 lectionem
444 1476 520 1514 ἄπ’
552 1477 668 1523 ἠθῶν.
743 1481 839 1522 Quae
875 1492 954 1514 (zum
992 1481 1125 1514 dudum
1160 1481 1283 1514 relicta
1315 1482 1381 1523 sit,
1415 1492 1457 1515 ne
1493 1492 1560 1517 uno
1594 1483 1736 1525 quidem

147 1543 225 1576 loco
266 1542 326 1583 qui
351 1541 409 1575 isti
436 1542 553 1574 favere
581 1540 766 1573 videbatur
792 1541 861 1572 iam
888 1541 938 1573 uti
963 1540 1056 1572 licet.
1082 1557 1130 1563 —-
1180 1540 1333 1573 Seenico
1360 1544 1477 1572 autem
1504 1540 1538 1571 in
1564 1545 1736 1584 apparatu

150 1598 234 1642 quid
261 1600 352 1632 ultra
378 1599 521 1632 modum
549 1599 763 1632 commiserit
790 1598 1002 1641 Aeschylus,
1029 1602 1170 1631 tantum
1198 1598 1300 1631 abest
1323 1602 1362 1631 ut
1388 1598 1430 1632 ab
1457 1598 1625 1643 Euripide
1649 1598 1740 1633 vitu-

150 1663 315 1704 peretur,
342 1664 379 1691 ut
406 1658 482 1691 eius
507 1657 559 1690 rei
584 1657 643 1690 vix
669 1667 738 1690 uno
764 1657 841 1690 loco
868 1657 998 1690 mentio
1025 1657 1194 1690 iniciatur
1219 1667 1323 1690 versu
1348 1655 1437 1691 940:

365 1713 414 1749 ἃν
439 1716 537 1749 τοῖσι
562 1712 913 1759 παραπετάσμασιν
938 1715 1014 1752 τοῖς
1042 1712 1225 1755 Μηδικοῖς
1248 1711 1480 1758 γράφουσιν,

151 1785 241 1818 qnae
267 1775 417 1809 fortasse
444 1774 489 1808 ad
515 1774 684 1807 stramina
703 1773 959 1817 Agamemnoni
986 1773 1028 1806 ab
1057 1783 1165 1806 uxore
1192 1773 1352 1806 adultera
1381 1773 1567 1816 supposita
1589 1773 1736 1816 (Aesch.

152 1838 281 1878 Agam.
308 1835 376 1868 875
397 1832 463 1876 55.)
502 1833 646 1865 referas.
722 1832 820 1871 Quae
858 1831 949 1863 enim
987 1836 1171 1874 practerea
1205 1831 1490 1874 perstringuntur
1514 1835 1633 1875 partes
1659 1841 1737 1864 cum

152 1898 269 1927 mutae
297 1897 460 1926 catervae
489 1891 593 1934 (Rau.
614 1890 683 1925 950
705 1889 750 1933 5.)
773 1894 844 1923 turn
873 1888 1003 1923 Niobes
1021 1890 1198 1934 obnuptae
1228 1889 1326 1933 (ibid.
1346 1890 1414 1925 913
1434 1900 1484 1924 ss.
1506 1889 1606 1933 920),
1631 1890 1664 1923 in
1684 1889 1738 1923 his

153 1963 242 1996 quae
262 1956 437 1992 notantur,
463 1961 529 1984 non
556 1950 602 1983 ad
630 1954 839 1993 apparatum
868 1953 1003 1983 tantum
1030 1950 1211 1982 scenicum
1229 1949 1418 1992 pertinent.
1460 1948 1657 1982 Concidunt
1678 1948 1741 1992 igi-

153 2018 211 2047 tur
244 2021 333 2053 qnae
368 2010 455 2043 satis
488 2010 658 2042 audacter
691 2018 711 2040 a
736 2007 923 2050 Lessingio
960 2007 1232 2050 pronuntiantur
1267 2006 1319 2049 (p.
1346 2005 1430 2048 59),
1474 2016 1553 2039 cum
1589 2006 1740 2039 lectores

152 2058 269 2105 locum
303 2069 445 2102 tandem
482 2067 659 2111 Euripidis
695 2066 916 2100 sciscitantes
960 2075 1027 2099 non
1066 2066 1204 2099 dubitat
1247 2065 1292 2099 ad
1330 2064 1577 2108 Aristophanis
1615 2074 1739 2098 versus

155 2129 335 2172 ablegare.

248 2198 308 2241 68)
332 2189 448 2235 'Heus
474 2201 512 2230 nt
536 2197 582 2229 sit
609 2207 628 2229 a
654 2195 890 2239 scriptoribus
917 2194 1125 2244 plerumque
1151 2194 1320 2226 attributa
1345 2192 1522 2237 probitate
1547 2201 1588 2224 ac
1614 2192 1741 2226 virtute

156 2261 340 2310 ornatum:
379 2265 553 2298 nusquam
580 2258 717 2296 tamen,
749 2255 843 2296 quod
870 2254 944 2287 scio
969 2261 1076 2294 atque
1102 2252 1293 2295 intellego,
1320 2252 1483 2285 absolute
1508 2251 1650 2294 ponitur
1675 2251 1741 2283 hac

154 2317 212 2359 vi,
246 2320 285 2349 ut
308 2315 437 2358 prodat
463 2323 598 2347 ιιιοιιιιιι
625 2313 867 2357 probitatem;
902 2312 1008 2344 immo
1046 2310 1254 2344 vocabulum
1281 2315 1336 2342 est
1372 2309 1548 2348 medium,
1582 2313 1620 2339 ut
1654 2318 1743 2350 quae

156 2374 315 2408 moribus
348 2372 498 2406 alicuius
532 2370 684 2406 hominis
718 2370 890 2405 debeatur
922 2368 1019 2411 laus,
1068 2368 1245 2403 attributis
1280 2368 1478 2402 nominibus
1515 2367 1742 2410 adiungatur.
1772 2361 1774 2364 ⁴

155 2437 290 2468 Verum
317 2432 447 2465 malum
474 2441 612 2473 quoque
639 2429 850 2477 describitur
875 2419 983 2470 ηθοςε
1010 2429 1110 2461 cuius
1136 2429 1186 2461 rei
1211 2428 1435 2461 notissimum
1462 2431 1517 2459 est
1542 2425 1743 2469 exemplum

156 2492 267 2536 Soph.
297 2491 381 2524 Ant.
407 2490 498 2524 742:
543 2479 573 2522 ὦ
606 2486 746 2533 μιαρὸν
781 2478 884 2530 ἦθος.
950 2487 1170 2521 Vocabulum
1205 2490 1323 2520 autem
1359 2485 1453 2528 quod
1487 2490 1542 2518 est
1573 2480 1743 2526 ἠθικός

159 2563 200 2585 eo
228 2561 333 2594 quem
359 2549 558 2594 significavi
584 2558 690 2582 sensu
715 2548 847 2593 legitur
872 2546 968 2591 apud
986 2545 1215 2580 Aristotelem
1242 2544 1347 2578 Rhet.
1374 2544 1417 2584 3,
1444 2546 1484 2577 7:
1512 2540 1563 2577 Τὸ
1591 2538 1630 2577 δὲ
1658 2541 1745 2586 πρέ-

157 2620 234 2644 πον
258 2607 330 2649 ἕξει
351 2607 373 2651 ἡ
395 2606 504 2649 λέξις,
530 2603 600 2639 ἐὰν
623 2599 648 2652 ᾖ
672 2603 860 2648 παθητική
879 2614 918 2638 τε
942 2602 1006 2637 καὶ
1032 2600 1139 2647 ἦθική
1166 2600 1230 2637 καὶ
1254 2603 1331 2640 τοῖς
1354 2597 1616 2646 ὑποκειμένοις
1640 2596 1741 2644 πρά-

157 2675 302 2714 γμασιν
326 2662 523 2711 ἀνάλογον
629 2662 693 2697 καὶ
719 2660 829 2707 ἠθικὴ
855 2660 894 2698 δὲ
921 2659 1015 2706 αὕτη
1041 2661 1081 2696 ἐκ
1107 2661 1182 2697 τῶν
1205 2661 1372 2707 σημείων
1397 2657 1527 2704 δεῖξις,
1572 2654 1630 2693 ὅτι
1652 2656 1744 2693 οἷκο-

160 2726 293 2760 λουθεῖ
316 2723 336 2767 ἦ
362 2723 685 2771 ἁρμόττουσα
713 2721 896 2769 ἑκάστῳ
922 2722 1053 2769 γένει
1078 2719 1155 2755 καὶ
1191 2719 1304 2761 ἑ’ξει;
1341 2730 1382 2753 ac
1414 2719 1529 2753 simile
1562 2723 1617 2752 est
1651 2718 1746 2761 qnod

162 2785 320 2819 eiusdem
343 2785 547 2828 philosophi
573 2784 684 2817 fertur
709 2778 843 2824 ἢθικόν
866 2782 1014 2827 ποίημα
1038 2781 1131 2823 quod
1159 2781 1204 2814 sit
1238 2776 1377 2821 δηλοῦν
1414 2774 1483 2820 τὴν
1513 2777 1744 2823 προαίρεσιν.

161 2843 262 2886 Quod
290 2847 405 2878 autem
433 2843 500 2876 hoc
524 2842 601 2876 loco
628 2851 732 2885 quem
760 2840 935 2887 adscripsi
967 2839 1077 2887 γένος
1113 2845 1148 2875 et
1181 2836 1251 2880 ἕξις
1275 2829 1453 2884 ponuntur
1486 2837 1522 2871 in
1556 2835 1746 2882 generibus
