1843 3058
145 35 208 92 46

144 162 305 212 spicere
324 158 385 214 ⁹⁸).
458 160 612 199 Contra
653 157 906 200 recentiores
947 159 1055 209 quod
1096 159 1227 199 sciam
1269 169 1416 203 omnes
1445 160 1725 206 consentiunt.

142 235 184 273 et
214 228 433 282 Sophoclis
474 229 514 270 in
547 227 795 282 effingendis
828 229 1012 271 moribus
1052 230 1351 281 praestantiam
1383 231 1452 273 illo
1483 230 1575 272 loco
1605 230 1726 271 intela-

142 302 249 353 legi,
279 304 321 341 et
351 298 550 350 Oedipum
583 299 809 340 Coloneum
842 311 893 340 ac
914 300 1177 349 potissimum
1199 298 1465 341 Philoctetam
1496 300 1577 341 hac
1605 294 1726 355 ἤθο-

141 372 294 419 ποιίας
335 370 482 411 virtute
522 368 710 421 insignes
750 380 847 411 esse
860 365 922 421 ⁹⁹).
993 368 1136 420 ltaque
1179 369 1300 410 facile
1348 380 1596 411 concessum
1636 371 1725 420 erit,

141 446 188 482 ut
217 442 307 480 eius
341 441 398 479 rei
429 443 581 487 testeS‚
630 441 707 479 etsi
747 440 910 490 plurimi
951 444 1197 490 suppetunt,
1252 449 1411 488 paucos
1453 438 1620 480 afferam
1636 436 1725 492 ’Ἧι

143 511 387 563 praesertim
408 521 503 552 cum
523 520 674 561 supra,
704 509 800 561 quid
821 511 875 550 sit
897 501 1009 561 ἦθος
1026 513 1149 561 atque
1170 501 1332 561 ἧθικὸν
1348 509 1491 564 γένος,
1512 510 1724 561 copiosius

143 582 411 632 exposuerim
428 579 508 631 ¹⁰¹).
578 580 709 621 Unum
740 580 910 630 insuper
950 590 1230 620 commemoro
1271 579 1381 630 quod
1413 579 1618 631 Bergkius
1649 591 1725 621 an-

143 651 322 703 notavit,
375 651 445 702 qui
482 649 574 691 aliis
614 649 656 692 in
696 650 823 691 rebus
855 648 1091 702 Euripidem
1128 649 1182 690 ad
1214 648 1474 692 formandam
1507 647 1724 702 Sophoclis

141 723 289 773 poesin
321 721 506 763 valuisse
537 722 701 761 censet:
757 720 906 762 sedulo
937 719 1186 771 Sophoclem
1219 732 1413 771 curasse,
1445 723 1492 761 ut
1520 731 1725 770 personae

141 794 183 832 et
212 792 253 831 in
286 790 452 843 agendo
484 792 525 830 et
555 790 596 830 in
639 789 849 841 loquendo
884 795 1052 833 servent
1090 790 1334 843 dignitatem
1377 803 1512 843 neque
1541 790 1725 833 incidant

141 862 183 902 in
215 861 425 902 forensem
457 860 572 901 illam
602 860 898 910 loquacitatem
929 872 1011 911 qua
1032 861 1248 912 Euripides
1268 863 1455 913 gaudeat
1468 861 1545 916 ¹⁰¹).
1605 860 1723 910 Quod

143 941 267 981 quam
307 931 416 971 bene
456 930 676 970 conveniat
714 929 771 970 illi
810 928 1029 982 Sophoclis
1071 930 1122 970 de
1165 934 1253 971 arte
1294 942 1372 972 sua
1400 932 1572 982 iudicio,
1613 930 1723 982 quod

140 1002 335 1041 traditum
365 1002 416 1041 ab
450 1000 670 1040 Aristolele
700 1011 828 1050 supra
847 1000 1188 1050 explanavimus,
1222 1000 1376 1040 addere
1408 1011 1489 1041 non
1521 1011 1627 1051 opus
1646 1004 1723 1040 est.

237 1069 440 1127 ‚Tandem
471 1072 517 1110 ut
547 1068 839 1110 absolvamus:
888 1079 972 1120 qua
1012 1070 1235 1110 occasione
1266 1068 1499 1121 Sophocles
1539 1069 1592 1110 de
1636 1074 1725 1111 arte

141 1152 218 1182 sua
250 1141 426 1191 eiusque
458 1140 659 1193 gradibus
707 1140 767 1181 sic
796 1139 1061 1188 iudicaverit,
1108 1141 1333 1192 ambigitur
1360 1141 1467 1182 inter
1503 1141 1615 1181 viros
1647 1140 1724 1181 do-

234 1314 296 1358 98)
325 1315 378 1348 cf.
405 1324 496 1357 quae
524 1323 632 1357 supra
658 1313 919 1357 disputavimus
955 1324 987 1357 p.
1015 1313 1061 1348 26
1085 1324 1132 1347 ss.

234 1384 299 1429 99)
325 1384 475 1429 Insuper
500 1384 544 1418 ad
561 1384 655 1417 hanc
682 1387 834 1418 aetatem
860 1388 966 1426 atque
992 1383 1095 1417 etiam
1123 1384 1167 1417 ad
1189 1383 1367 1427 Euripidei
1389 1384 1602 1418 characteris
1628 1376 1724 1418 simi-

141 1445 327 1479 litudinem
353 1444 586 1487 Bergkius
612 1442 665 1487 (p.
685 1442 939 1486 xxxvlua.)
966 1443 1145 1477 revocavit
1170 1443 1371 1477 Aleadas
1397 1442 1567 1478 Aleten
1594 1443 1723 1478 ereu-

140 1513 234 1538 sam
259 1502 514 1536 Phaedram
540 1502 754 1536 Tereum:
805 1502 871 1536 sed
895 1512 1019 1536 vereor
1040 1506 1078 1536 ut
1104 1501 1182 1536 aliis
1208 1513 1254 1536 ex
1278 1502 1419 1536 indiciis
1445 1502 1489 1536 de
1513 1513 1556 1536 ea
1580 1513 1618 1536 re
1643 1512 1724 1536 cou-

138 1561 196 1595 flci
229 1562 346 1606 possit
381 1571 486 1604 quam
519 1560 774 1594 sententiarum
806 1561 932 1605 copia,
979 1569 1173 1604 permagna
1207 1571 1248 1595 ea
1281 1560 1445 1603 quidem,
1493 1560 1558 1596 sed
1593 1561 1627 1594 in
1654 1570 1723 1604 qua

138 1625 313 1661 moratum
346 1621 460 1663 genus
498 1619 640 1653 dicendi
665 1629 733 1653 non
760 1619 943 1655 consistat.

236 1688 317 1734 100)
346 1690 536 1724 Contentus
582 1699 662 1730 ero,
714 1689 803 1722 duos
851 1689 1017 1723 laudasse
1060 1690 1305 1724 aestimatores
1349 1690 1604 1734 peritissimos,
1654 1689 1722 1736 Od.

138 1748 409 1782 Muellerum
437 1752 473 1782 et
498 1747 852 1791 Bernhardyum.
904 1746 967 1781 Ille
993 1752 1111 1781 autem
1136 1748 1188 1781 sic
1213 1748 1347 1782 iudicat
1372 1748 1394 1781 l.
1416 1759 1446 1782 c.
1472 1759 1509 1793 p.
1525 1749 1613 1784 132:
1640 1748 1724 1790 „So

138 1809 186 1841 ist
211 1807 287 1841 dies
310 1807 440 1840 Drama
462 1805 731 1850 (Philoctet)
760 1806 795 1838 in
820 1805 939 1840 seiner
964 1806 1028 1840 aus
1049 1806 1115 1840 das
1135 1806 1352 1840 Verhaltniss
1379 1806 1495 1840 dreier
1514 1806 1724 1841 Charactere

139 1866 385 1912 gegriindeten
412 1864 550 1908 Anlage
585 1865 713 1898 hochst
745 1864 907 1906 emisch,
932 1883 979 1889 -
1002 1883 1048 1891 —-
1083 1866 1166 1899 aber
1198 1865 1248 1898 in·
1274 1865 1354 1899 der
1391 1864 1723 1910 folgerechten

138 1926 231 1961 tier
260 1924 549 1968 angclegten
581 1923 942 1968 Entwickelung
975 1912 1122 1958 leicht
1154 1923 1235 1958 das
1277 1923 1598 1959 kunstvollste
1635 1924 1724 1958 und

138 1982 582 2028 ausgearbeitetste
617 1992 700 2016 von
735 1982 858 2016 allen
884 1983 1080 2017 Werken
1106 1982 1187 2016 des
1213 1982 1487 2027 Sophocles.
1511 2001 1560 2009 -—-
1584 1983 1724 2019 Bern-

137 2042 346 2085 hardyus
372 2044 489 2074 autem
515 2040 539 2076 1,
559 2050 589 2073 c.
616 2050 652 2084 p.
673 2039 742 2075 336
767 2050 797 2073 s.
834 2040 948 2082 „Die
973 2040 1139 2076 Stlirke
1168 2041 1325 2075 dieser
1348 2040 1579 2085 Tragodie
1604 2040 1720 2086 liebgt

136 2101 180 2133 in
217 2100 317 2134 dem
352 2097 465 2133 durch
497 2097 661 2143 Ungliick
706 2090 919 2143 'gebarteten
963 2099 1218 2134 Gharacter
1260 2099 1339 2133 der
1371 2099 1723 2144 Hauptperson,

136 2158 293 2195 welcher
323 2163 428 2193 unter
453 2157 521 2191 den
546 2148 796 2191 wechselnden
822 2157 1095 2203 Einwirkungen
1130 2157 1479 2194 leidenschaftlicher
1503 2155 1724 2193 Situation'en

137 2217 366 2264 stenen-heht
391 2217 465 2250 und
490 2215 549 2250 die
575 2215 717 2259 Gegner
743 2216 976 2252 iiberwindet.
1026 2217 1073 2251 Es
1091 2216 1139 2253 ist
1164 2217 1245 2252 kein
1264 2217 1430 2262 gei-inger
1449 2217 1612 2261 Vormg,
1637 2216 1722 2252 dass

138 2278 175 2313 S.
201 2277 348 2312 alleiu
385 2286 465 2310 aus
500 2276 580 2309 der
624 2276 991 2311 meisterhaften
1027 2276 1408 2312 Charakteristik
1451 2276 1524 2311 und
1556 2276 1654 2311 nicht
1687 2277 1722 2311 iu

136 2336 445 2380 mannichfaltiger
477 2334 666 2378 Hundlung
705 2336 811 2379 jeucn
838 2336 1052 2370 Reichthum
1086 2336 1310 2380 spaunender
1343 2335 1473 2370 Motive
1507 2335 1722 2375 entwickelt,

135 2396 289 2431 welcher
322 2395 424 2428 einen
458 2405 500 2427 an
529 2395 605 2427 sich
633 2393 892 2428 beschrae‘iukten
928 2394 1001 2428 und
1032 2394 1264 2439 schwierigen
1291 2394 1382 2429 Stoff
1422 2394 1456 2427 in
1482 2394 1606 2428 immet·
1633 2403 1722 2427 neue

134 2453 374 2496 &Vendungen
403 2452 563 2486 verilicht
601 2452 671 2485 und
701 2452 772 2485 ihm
807 2453 863 2486 ein
897 2445 1101 2495 steigendes
1127 2453 1302 2486 Interesse
1327 2452 1426 2494 gibt:
1477 2451 1568 2485 doch
1603 2450 1723 2496 ziigelt

136 2522 174 2545 er
192 2513 244 2546 sie
263 2512 325 2544 mit
342 2521 381 2545 so
405 2511 531 2555 kluger
549 2510 814 2555 Sparsamkeit‚
843 2510 925 2544 dass
952 2521 1032 2544 aus
1060 2511 1138 2545 der
1163 2510 1544 2557 Gegenwirkung
1570 2510 1723 2556 dreier

136 2569 420 2605 charactere
462 2568 564 2603 sich
606 2569 677 2602 ein
720 2569 1089 2604 vollkommener
1131 2570 1378 2606 Kreislaul'
1418 2569 1603 2602 iunerer
1639 2569 1722 2602 Zu-

137 2629 305 2662 stttnde
341 2628 585 2672 gestaltet.

234 2697 315 2741 101)
342 2709 374 2733 v.
404 2708 511 2743 supra
537 2707 621 2742 pag.
649 2697 694 2731 28
720 2702 754 2731 et
780 2708 812 2733 n.
837 2698 896 2733 68.

237 2767 318 2812 102)
347 2768 520 2812 Bergkius
547 2769 567 2803 Ι.
589 2769 610 2805 l.
640 2779 673 2812 p.
697 2769 939 2810 xxxviiia,
975 2769 1022 2803 cl.
1048 2768 1256 2812 XXXVIh,
1284 2779 1387 2811 quem
1414 2769 1528 2803 locum
1556 2769 1720 2803 dedimus

137 2837 243 2871 supra
269 2837 304 2860 n.
336 2827 395 2860 22.
