1843 3058
1672 90 1702 140 5

126 233 265 273 soluta
302 229 355 270 ad
406 236 524 268 suam
564 223 800 265 fabularum
846 222 1140 273 praestantiam
1187 220 1472 272 processisse,
1519 233 1572 262 ne
1612 220 1704 271 ipse

127 301 294 353 quidem
324 295 493 348 negavit
532 297 661 344 poeta
691 291 888 343 idemque
917 296 1070 342 poetae
1097 292 1226 332 iudex
1255 290 1497 341 Sophocles.

225 365 531 417 Sophocli-s
564 363 677 405 enim
706 367 917 404 cumtres
936 361 1200 412 potissimum
1229 362 1418 403 serantur
1441 372 1582 406 voces,
1613 361 1704 412 qui-

124 441 202 481 bus
243 447 362 478 suam
403 436 457 477 de
497 438 587 476 arte
628 431 1002 498 suamsig‘fflffivrt
1022 430 1297 494 ξςῃξρρῑίειιῃ,
1345 432 1397 473 ad
1429 429 1731 501 comparatio-5

127 520 222 550 ”em
251 505 450 558 Aeschyli
480 516 672 562 ²¹¹¹&st
621 501 1489 574 ffltssaeessssifflfflsereni-139*iteras?
1521 501 1703 570 ³399?er

123 577 279 621 iudicio
311 573 530 625 complecti
561 573 728 614 videtur
757 577 905 623 poeta,
953 583 1059 624 quos
1090 569 1183 623 ipse
1212 573 1369 625 gradus
1400 572 1498 629 artis
1529 584 1578 613 ac
1607 568 1702 622 pro·
1732 606 1737 628 ,ἰ
1764 592 1801 616 ,ς

123 659 296 701 gressus
325 644 585 695 percurrerit.
647 643 748 682 Nam
777 647 997 692 praeterea
1024 653 1131 692 quae
1161 628 1735 692 traduffif‘ffffifiiffinj

123 715 361 777 Euripidem
405 711 802 778 lasciy’g'dictaD,
848 713 914 753 his
960 725 1044 753 non
1084 717 1237 767 poetae
1280 716 1475 768 nontantur
1514 717 1700 763 peccata,

417 766 499 780 m

126 785 274 837 quibus
317 783 576 833 comparatis·
607 782 784 823 virtutes
816 783 1034 833 Sophoclis
1077 784 1242 822 elucere
1272 782 1459 831 possint,
1508 783 1584 822 sed
1614 782 1700 822 libi-

126 854 248 895 dines
280 851 460 893 hominis
503 851 817 892 incontinentis.
884 852 1048 891 Illorum
1087 862 1187 891 vero
1216 852 1426 899 locorum,
1471 851 1618 902 quibus
1649 852 1703 890 de

121 927 209 964 arte
242 921 403 974 tragica
443 920 923 975 continentur-iudicia,
975 920 1207 961 accuratius
1247 920 1453 970 oportebit
1492 920 1702 971 inquirere

120 994 163 1033 in
192 1004 379 1039 sensum,
411 996 457 1031 ut
485 990 769 1042 intellegatur,
805 1003 909 1041 quas
940 990 1205 1041 potissimum
1236 990 1277 1029 in
1309 995 1449 1040 partes
1481 994 1555 1030 aut
1584 989 1704 1030 Euri-

120 1062 230 1113 pidis
269 1066 340 1103 aut
369 1060 569 1113 Aeschyli
609 1066 680 1102 aut
719 1061 852 1112 ipsius
886 1060 1105 1111 Sophoclis
1138 1060 1193 1101 sit
1225 1072 1326 1101 acus
1356 1060 1515 1102 illarum
1552 1072 1699 1100 vocum

99 1126 275 1174 'defixa

238 1203 298 1242 Ac
347 1201 574 1252 primum
627 1202 792 1253 quidem
835 1200 1054 1258 Sophoclis
1092 1200 1291 1241 iudicium
1334 1201 1446 1252 quod
1482 1200 1636 1253 legitur
1678 1212 1700 1241 e
1737 1247 1744 1253 ⁵

121 1272 249 1330 Qham„
251 1272 478 1333 aelefflffi
495 1269 1241 1333 1.1...1οτ.ο..,,νεςεὲ.,,4,ῐςᾈρ.4,ρε..-εἰεᾳειψ
1258 1255 1728 1335 „rarquffllfflffivl
1793 1291 1843 1328 τ’

119 1342 148 1382 Ι.
181 1342 248 1383 22.
271 1344 320 1382 A.
352 1341 496 1398 (simili
525 1347 665 1385 autem
697 1344 821 1384 modo
853 1344 905 1384 ab
944 1330 1095 1383 eodem
1128 1327 1496 1402 naningg.
1515 1340 1579 1396 F.)
1599 1341 1701 1384 satis
1721 1338 1736 1396 ξ

121 1412 269 1462 opinor
297 1413 417 1452 facile
452 1419 515 1454 est
544 1414 778 1454 intellectu:
818 1411 1013 1465 μεθύων
1054 1409 1107 1452 δὲ
1146 1409 1298 1453 ἐποίει
1336 1409 1417 1459 τοὶς
1446 1409 1703 1467 τραγῳδίας
1718 1402 1733 1470 j

119 1478 377 1535 Αἵσχυλος,
420 1473 478 1532 ὥς
515 1491 633 1539 φησι
670 1480 970 1540 Χαραιλέων.
1033 1479 1275 1538 Σοφοκλῆς
1314 1478 1426 1536 γοῦν
1449 1475 1729 1544 absidatam

121 1548 280 1609 αὐτῷ,
308 1545 379 1594 ὅτι
417 1550 467 1593 εἰ
507 1554 600 1594 καὶ
639 1552 705 1594 τοὶ
745 1551 954 1595 δέοντα
993 1555 1180 1604 ποιεῖ,
1230 1547 1352 1594 ἀλλ’
1394 1548 1493 1594 οὐκ
1532 1550 1731 1600 εἶδώςξ

120 1635 193 1675 γε.
255 1622 354 1664 Sola
392 1622 504 1664 enim
544 1635 652 1675 quae
692 1624 850 1665 exoriri.
883 1629 1022 1675 potest
1064 1623 1371 1671 controversia,
1414 1623 1554 1665 sintne
1593 1600 1732 1664 haec}

125 1694 275 1734 acerbe
305 1693 348 1732 in
380 1693 633 1749 Aeschylum
665 1693 775 1734 dicta
805 1706 953 1741 necne,
988 1706 1039 1734 ea
1067 1693 1188 1734 facile
1210 1693 1414 1734 dirimitur
1432 1692 1478 1748 ⁹).
1517 1693 1568 1733 Ut
1590 1692 1699 1733 enim

121 1763 408 1811 concesseris,
447 1764 586 1805 animo
627 1776 711 1804 non
754 1764 908 1806 infesto
951 1764 1201 1815 Sophoclem
1240 1764 1346 1806 haec
1385 1764 1619 1805 coniecisse
1656 1763 1699 1803 in

118 1838 288 1883 poetam
320 1838 419 1875 natu
458 1835 684 1887 maiorem,
723 1835 906 1876 manebit
944 1841 1084 1876 tamen
1123 1835 1360 1887 ambiguam
1401 1846 1500 1875 esse
1531 1835 1698 1875 laudem

119 1907 161 1943 et
191 1905 268 1945 sub
299 1908 383 1954 qua
409 1904 658 1954 vituperatio
689 1905 828 1946 lateat.
887 1905 1056 1945 Pondus
1087 1917 1188 1946 vero
1231 1905 1321 1946 eius
1364 1904 1605 1946 sententiae
1637 1904 1698 1943 vi·-

118 1975 239 2014 detur
282 1973 403 2013 nimis
450 1974 622 2014 auxisse
661 1974 743 2014 Ed.
788 1974 1171 2029 Muellerus¹⁰)‚
1230 1975 1299 2026 qui
1341 1974 1591 2025 Sophoclem
1639 1975 1695 2016 ait

210 2160 248 2203 8)
276 2161 448 2195 Athenae.
476 2161 574 2206 xm,
600 2161 671 2198 604
690 2162 728 2197 F.
756 2162 824 2197 557
848 2163 886 2196 E.

212 2230 250 2276 9)
276 2233 463 2267 Praeterea
508 2233 603 2276 quod
653 2234 732 2276 qui·
766 2234 1000 2276 quaesiverit,
1042 2234 1251 2269 vocabulum
1284 2235 1377 2278 quod
1422 2239 1476 2269 est
1508 2232 1556 2268 τό
1591 2233 1698 2269 δέον

118 2291 205 2333 quid
229 2290 426 2335 significet,
459 2291 498 2325 id
522 2291 640 2336 paullo
665 2297 748 2337 post
773 2298 980 2337 exponetur.

213 2361 270 2404 10)
296 2360 370 2396 Ed.
396 2360 593 2403 Miisser,
632 2361 844 2397 Geschichte
878 2362 941 2396 der
964 2362 1114 2398 Theorie
1148 2364 1211 2399 der
1237 2360 1353 2399 Kunst
1388 2365 1443 2398 bei
1478 2365 1545 2398 den
1578 2365 1696 2405 Alten,

117 2414 185 2454 vol.
203 2419 230 2452 1.
256 2429 292 2463 p.
310 2419 391 2454 224.
417 2429 452 2454 n.
470 2419 505 2454 3.
532 2437 580 2443 —
604 2419 700 2453 lusto
727 2425 843 2453 autem
869 2421 983 2455 levius
998 2445 1009 2464 ‚
1034 2427 1073 2455 ut
1099 2432 1174 2456 mos
1197 2423 1267 2457 fert
1290 2423 1598 2463 declamationum,
1623 2432 1698 2455 mu-

117 2487 201 2511 nere
225 2478 460 2512 aestimatoris
486 2477 672 2512 defunctus
707 2483 762 2512 est
787 2479 895 2523 Aug.
922 2479 1038 2515 Guil.
1066 2480 1290 2526 Schlegel
1326 2481 1500 2524 (Vorless.
1534 2481 1592 2515 iib.
1621 2480 1699 2514 dra-

118 2540 202 2572 mat.
226 2536 342 2571 Kunst
367 2537 394 2572 1.
422 2548 458 2582 p.
478 2536 560 2580 169)
588 2536 707 2571 hisce:
735 2537 886 2578 „Dieser
912 2538 977 2582 (sc.
996 2538 1207 2584 Sophocles)
1226 2540 1303 2574 that
1330 2541 1418 2574 tiber
1441 2539 1501 2573 ihu
1523 2538 1696 2583 (Aeschy-

117 2594 188 2639 lus)
214 2595 284 2629 den
310 2597 519 2641 Ausspruch
547 2597 620 2630 und
645 2597 818 2640 kundigte
843 2598 918 2631 sich
945 2597 1055 2632 damin
1079 2599 1131 2632 als
1165 2600 1267 2633 einen
1293 2599 1502 2634 denkenden
1528 2598 1698 2633 Ktinstler

117 2662 181 2687 an:
215 2654 371 2696 „Aeech.
408 2655 494 2689 thue
526 2653 617 2689 wohl
651 2654 715 2688 das
749 2655 907 2696 Rechte,
941 2656 1026 2690 aber
1059 2656 1150 2691 ohne
1177 2668 1216 2691 es
1242 2669 1285 2691 zu
1318 2657 1498 2691 wissen“:
1535 2657 1695 2691 eiufache

116 2710 259 2754 Worte,
294 2713 353 2747 die
381 2713 513 2757 jedoch
547 2722 638 2756 ganz
663 2713 729 2747 das
755 2713 989 2760 erechiipfem
1026 2726 1098 2749 was
1131 2718 1195 2751 wir
1218 2721 1319 2750 unter
1345 2717 1459 2749 einem
1483 2716 1695 2750 bewusstlos

116 2768 317 2805 wirkenden
345 2772 476 2807 Genius
508 2771 732 2807 verstehen.“
785 2773 932 2808 Videtur
964 2784 1049 2808 sane
1085 2775 1197 2809 maior
1229 2775 1296 2809 iste
1331 2776 1475 2809 fratrum
1501 2776 1697 2810 Romanen-

118 2827 209 2861 sium
236 2830 294 2870 qui
319 2835 489 2865 vocantur
514 2840 583 2864 nou
608 2834 679 2865 tam
707 2840 849 2866 sensum
876 2833 1065 2877 perspicue
1094 2834 1231 2877 aperire
1259 2833 1432 2874 voluisse,
1469 2844 1573 2877 quam
1597 2834 1695 2868 audi-

116 2889 231 2919 torum
258 2896 358 2921 aures
378 2889 703 2923 Vindobonensium
731 2890 971 2933 permulcere,
1000 2901 1145 2934 quorum
1173 2891 1392 2935 amplissima
1416 2902 1457 2926 ac
1484 2891 1695 2937 splendidis-
