1843 3058
136 54 202 102 42

137 181 217 221 bus
264 181 371 222 inter
419 181 525 222 duas
578 181 645 222 vel
693 182 833 233 plures
882 188 1114 234 personaS,
1171 186 1217 224 ut
1252 184 1419 236 longius
1472 187 1721 237 processerit

136 250 355 302 Sophoclis
404 263 496 301 ars,
555 252 614 291 ita
652 251 909 302 frequentius
956 252 1184 294 admissam
1224 264 1323 294 esse
1361 255 1444 296 iam
1485 256 1718 297 accuratius

135 332 357 375 exponam.
402 330 410 336 “

243 400 573 458 ’Λντιλαβαὶ
606 405 715 444 enim
748 415 841 445 cum
866 405 921 444 ab
944 404 1151 456 Hesychio
1172 406 1433 457 explicentur
1449 400 1721 462 ὀἷνιιλογικαὶ

134 470 282 529 ῥήσεις
323 472 369 524 ἐξ
407 466 672 529 ἡμιστιχίων
719 471 957 529 λεγόμεναι
988 473 1100 517 κατὰ
1139 472 1300 530 μικρὸν
1329 474 1453 533 παρὰ
1482 481 1748 534 τραγικοῖςκ

135 549 273 586 tamen
306 549 352 585 ut
381 555 468 585 uno
499 546 668 596 negotio
697 548 825 586 totam
858 547 1145 596 quaestionem
1180 546 1420 595 absolvam,
1448 559 1596 588 omnes
1628 557 1721 587 ver-

135 627 210 655 sus
251 615 426 664 contuli,
467 615 620 665 quibus
659 616 700 654 in
740 616 888 655 mediis
928 616 1097 656 alterius
1139 628 1347 667 personae
1393 619 1525 657 oratio
1555 618 1721 657 desinat

135 686 201 725 vel
232 686 529 735 abrumpatur,
570 685 738 734 incipiat
771 685 916 725 altera.
979 684 1161 726 Secerno
1188 690 1325 726 tamen
1355 686 1448 726 illas
1481 682 1722 741 (ἐπιλαβὰς

136 765 247 806 quae
279 755 441 805 proprie
474 758 677 794 vocantur
706 755 758 794 ab
790 754 856 794 liis
890 756 1078 795 versibus
1100 766 1284 805 ,quorum
1331 757 1440 807 prior
1464 753 1551 797 'aut
1580 760 1721 808 poste-

136 826 217 866 rior
248 836 369 876 pars,
402 825 612 865 disiuncta
644 824 809 876 quidem
843 826 895 865 ab
922 825 1051 866 altera
1071 826 1258 867 eiusdem
1280 837 1427 867 versus
1453 830 1594 878 parte,
1626 838 1721 867 cum

137 896 326 935 versibus
369 895 643 944 sequentibus
683 898 755 934 aut
793 895 1143 944 praecedentibus
1186 907 1270 936 uno
1302 896 1488 936 eiusdem
1520 898 1720 937 orationis

140 965 322 1007 decursu
343 965 602 1005 contineatur
615 973 632 1004 ε·
656 963 762 1014 quod
784 968 986 1015 quantum
1018 966 1178 1006 intersit
1207 978 1232 1006 a
1257 965 1390 1017 figura
1418 977 1525 1016 quae
1555 967 1721 1018 proprie

138 1038 329 1084 vocatur,
392 1035 637 1084 praesertim
686 1045 781 1073 cum
804 1051 809 1056 ·
835 1035 1031 1085 Aeschyli
1077 1039 1207 1075 artem
1248 1035 1463 1085 conferas,
1525 1037 1721 1086 exposuit

137 1106 411 1145 Wilmsius
443 1105 484 1144 in
516 1104 656 1145 libello
688 1104 941 1145 scholastico
975 1105 1125 1157 (Ueber
1155 1106 1221 1146 die
1246 1105 1508 1157 Responsion
1533 1106 1608 1147 der
1625 1105 1719 1146 Per·

137 1187 268 1216 sonen
299 1176 340 1215 in
363 1175 442 1215 den
475 1171 666 1229 κόμμοις
697 1175 771 1214 des
795 1174 1040 1226 Sophocles.
1104 1176 1242 1228 Progr.
1275 1175 1577 1228 Burgsteinfurt
1607 1176 1718 1217 1858

136 1259 175 1298 p.
199 1246 259 1296 8).
321 1245 539 1286 Praeterea
558 1247 738 1294 annoto,
770 1245 840 1284 ubi
871 1248 957 1285 tres
989 1249 1112 1296 atque
1144 1248 1268 1287 etiam
1300 1251 1491 1297 quattuor
1514 1258 1719 1298 personae

135 1318 176 1356 in
216 1328 302 1356 uno
343 1327 468 1357 versu
509 1328 556 1355 se
599 1316 822 1366 excipiant.
897 1315 1078 1367 Respexi
1121 1319 1259 1356 autem
1302 1317 1393 1357 sola
1435 1317 1487 1357 ad
1519 1317 1717 1368 diverbia,

138 1399 231 1427 cum
261 1388 439 1438 partium
472 1387 711 1427 melicarum
744 1387 910 1426 diversa
940 1387 992 1426 sit
1011 1388 1136 1435 ratio,
1168 1387 1221 1427 de
1253 1397 1334 1436 qua
1362 1388 1558 1437 exposuit
1576 1387 1721 1427 Wilm-

137 1458 226 1497 sius
259 1456 285 1498 l.
312 1469 350 1498 c.
411 1456 659 1497 Accuratius
691 1456 814 1496 etiam
848 1457 883 1495 si
904 1456 997 1507 quis
1028 1457 1067 1495 in
1100 1456 1212 1496 hanc
1242 1468 1327 1497 rem
1358 1457 1565 1508 inquirere
1594 1457 1715 1508 volet,

137 1538 355 1569 secernere
394 1527 583 1574 debebit,
638 1529 774 1566 utrum
825 1527 908 1565 sint
949 1520 1183 1580 ἄντιλαβαὶ
1225 1527 1381 1567 incitati
1431 1528 1636 1567 sermonis
1676 1531 1718 1567 et

134 1598 440 1646 altercationis,
503 1609 554 1637 an
599 1597 838 1647 simpliciter
878 1597 1119 1637 contineant
1155 1600 1298 1647 partes
1338 1598 1632 1649 interrogantis
1664 1608 1715 1637 ac

134 1668 441 1718 respondentis.
506 1666 659 1706 Verum
695 1666 735 1704 id
776 1666 995 1705 discrimen
1037 1667 1117 1705 hoc
1157 1667 1248 1705 loco
1290 1666 1482 1718 neglego.
1521 1690 1580 1696 —
1623 1667 1714 1706 Jat'n

135 1749 229 1778 cum
268 1738 310 1777 in
351 1737 624 1789 Antigona
669 1736 759 1776 eius
792 1736 850 1775 rei
883 1736 1117 1787 exemplum
1151 1736 1353 1777 nullum
1385 1737 1639 1787 inveniatur,
1672 1738 1714 1777 in

137 1808 351 1848 Electra
383 1808 688 1858 quindecim
722 1817 869 1846 versus
902 1808 1007 1845 inter
1038 1807 1178 1857 plures
1209 1817 1413 1857 personas
1454 1806 1575 1846 divisi
1605 1811 1715 1854 sunt,

135 1890 158 1918 e
199 1879 351 1929 quibus
403 1889 555 1919 novem
606 1873 839 1931 α’ντιλαβαῐ
888 1888 994 1928 quae
1033 1878 1198 1928 proprie
1249 1880 1472 1927 vocantur,
1535 1878 1716 1928 quinque

136 1949 329 1998 exempla
360 1950 399 1987 in
431 1949 582 1998 quibus
614 1949 746 1987 oratio
779 1951 851 1986 aut
875 1947 1224 1996 praecedentibus
1256 1945 1451 1985 inchoata
1482 1950 1554 1986 aut
1585 1948 1717 1986 conti-

135 2021 264 2059 nuata
297 2019 570 2068 sequentibus
602 2017 738 2058 medio
771 2027 898 2057 versu
928 2017 1194 2064 terminatur,
1228 2027 1339 2056 unus
1362 2016 1540 2067 denique
1572 2024 1715 2057 occur-

134 2090 185 2128 rit
231 2099 378 2128 versus
421 2088 530 2128 1502
573 2088 817 2138 tripartitus.
880 2086 1119 2125 Totidem
1164 2081 1399 2138 α’ντιλαβαὶ
1439 2086 1634 2137 leguntur
1673 2087 1715 2126 in

134 2157 342 2209 Oedipo
374 2156 536 2209 Rege,
587 2157 660 2197 sed
694 2167 839 2196 omnes
880 2156 965 2196 fere
997 2155 1049 2195 ad
1082 2155 1291 2207 proprium
1330 2166 1466 2208 genus
1497 2156 1714 2208 pertinent,

134 2239 218 2269 uno
259 2232 436 2279 excepto
477 2238 602 2267 versu
637 2227 773 2277 1522,
829 2227 870 2266 in
913 2237 996 2276 quo
1036 2229 1102 2276 qui
1147 2226 1346 2278 Oedipum
1387 2228 1539 2278 excipit
1584 2227 1713 2266 Creon

134 2300 366 2339 orationem
407 2298 597 2349 proximo
641 2308 766 2336 versu
813 2297 1037 2336 continuat.
1118 2296 1272 2337 Deinde
1303 2296 1478 2347 insignis
1512 2301 1576 2337 est
1605 2297 1716 2338 omni

134 2379 289 2421 genere
330 2368 578 2407 divisionum
621 2365 859 2416 Oedipus
892 2366 1182 2417 Coloneus,
1234 2367 1274 2405 in
1308 2376 1388 2416 qua
1419 2366 1559 2406 fabula
1591 2376 1718 2416 qua-

132 2438 390 2489 draginta
423 2439 678 2486 quattuor
718 2439 861 2474 extant
893 2436 1108 2487 exempla,
1148 2448 1170 2476 e
1202 2437 1349 2486 quibus
1383 2436 1526 2486 viginti
1554 2439 1715 2486 septem

133 2504 369 2563 ἅντιλαβαῑ
401 2517 511 2558 quae
542 2506 706 2558 proprie
739 2505 949 2555 dicuntur,
1001 2505 1182 2547 sedecim
1221 2507 1263 2546 in
1297 2506 1446 2557 quibus
1477 2516 1622 2546 versus
1654 2505 1717 2545 di-

134 2578 290 2619 midiati
330 2589 424 2618 cum
465 2577 665 2628 proximis
707 2576 896 2616 versibus
938 2576 1185 2622 cohaerent,
1236 2587 1364 2616 unum
1395 2577 1542 2615 iterum
1575 2585 1717 2615 exem-

134 2648 246 2699 plum
296 2648 481 2698 tripartiti
531 2648 636 2686 inter
685 2646 905 2686 Creontem
957 2645 1133 2686 Chorum
1178 2645 1378 2697 Oedipum
1431 2655 1578 2684 versus
1619 2643 1714 2684 832.

136 2717 321 2767 Denique
353 2728 452 2756 vero
485 2716 695 2756 uberrima
724 2719 810 2765 est,
870 2717 903 2754 si
938 2727 1160 2757 mensuras
1192 2716 1424 2756 fabularum
1458 2714 1716 2760 consideras,

133 2791 175 2829 et
206 2798 381 2827 numero
413 2792 454 2828 et
484 2787 608 2827 variis
641 2786 865 2838 generibus
898 2786 1147 2826 divisionum
1179 2779 1509 2832 Philocteta,
1561 2785 1601 2823 in
1634 2793 1717 2834 qua

133 2857 271 2898 fabula
305 2868 401 2906 sex¹
430 2861 478 2897 et
508 2857 738 2907 triginta
778 2867 925 2896 versus
958 2855 1153 2897 dimidiati
1193 2860 1234 2897 et
1263 2857 1304 2896 in
1337 2856 1530 2897 trimetris
1562 2854 1715 2904 reperi-
