<?xml version="1.0" encoding="UTF-8"?>
<!DOCTYPE html PUBLIC "-//W3C//DTD XHTML 1.0 Transitional//EN"
    "http://www.w3.org/TR/xhtml1/DTD/xhtml1-transitional.dtd">
<html xmlns="http://www.w3.org/1999/xhtml" xml:lang="en" lang="en">
 <head>
  <title>
</title>
<meta http-equiv="Content-Type" content="text/html;charset=utf-8" />
  <meta name='ocr-system' content='tesseract 3.04.00' />
  <meta name='ocr-capabilities' content='ocr_page ocr_carea ocr_par ocr_line ocrx_word'/>
</head>
<body>
  <div class='ocr_page' id='page_1' title='image "4737172_0045.png"; bbox 0 0 1843 3058; ppageno 0'>
   <div class='ocr_carea' id='block_1_1' title="bbox 1632 76 1696 126">
    <p class='ocr_par' dir='ltr' id='par_1_1' title="bbox 1632 76 1696 126">
     <span class='ocr_line' id='line_1_1' title="bbox 1632 76 1696 126; baseline -0.031 0"><span class='ocrx_word' id='word_1_1' title='bbox 1632 76 1696 126; x_wconf 81' lang='lat'>35</span> 
     </span>
    </p>
   </div>
   <div class='ocr_carea' id='block_1_2' title="bbox 129 202 1707 980">
    <p class='ocr_par' dir='ltr' id='par_1_2' title="bbox 129 202 1704 811">
     <span class='ocr_line' id='line_1_2' title="bbox 130 202 1702 259; baseline -0.004 -8"><span class='ocrx_word' id='word_1_2' title='bbox 130 209 183 251; x_wconf 68' lang='lat' dir='ltr'>&#39;td</span> <span class='ocrx_word' id='word_1_3' title='bbox 201 206 512 250; x_wconf 77' lang='lat' dir='ltr'>similitudinem</span> <span class='ocrx_word' id='word_1_4' title='bbox 537 202 838 252; x_wconf 75' lang='lat' dir='ltr'><strong>nuncupaverit</strong></span> <span class='ocrx_word' id='word_1_5' title='bbox 859 206 1193 259; x_wconf 80' lang='grc' dir='ltr'>παραπλίσσειν,</span> <span class='ocrx_word' id='word_1_6' title='bbox 1218 203 1293 243; x_wconf 88' lang='grc'>55(1</span> <span class='ocrx_word' id='word_1_7' title='bbox 1321 207 1531 253; x_wconf 80' lang='lat' dir='ltr'>tamquam</span> <span class='ocrx_word' id='word_1_8' title='bbox 1554 204 1702 244; x_wconf 83' lang='lat' dir='ltr'>fluctus</span> 
     </span>
     <span class='ocr_line' id='line_1_3' title="bbox 130 272 1701 324; baseline -0.004 -4"><span class='ocrx_word' id='word_1_9' title='bbox 130 276 353 320; x_wconf 70' lang='lat' dir='ltr'>transierit.</span> <span class='ocrx_word' id='word_1_10' title='bbox 385 274 473 315; x_wconf 83' lang='lat' dir='ltr'>Hoc</span> <span class='ocrx_word' id='word_1_11' title='bbox 489 283 588 313; x_wconf 82' lang='lat' dir='ltr'>vero</span> <span class='ocrx_word' id='word_1_12' title='bbox 604 272 658 312; x_wconf 86' lang='lat' dir='ltr'>ad</span> <span class='ocrx_word' id='word_1_13' title='bbox 678 283 864 324; x_wconf 87' lang='lat' dir='ltr'>unguem</span> <span class='ocrx_word' id='word_1_14' title='bbox 883 278 1117 314; x_wconf 84' lang='lat' dir='ltr'>resecatum</span> <span class='ocrx_word' id='word_1_15' title='bbox 1135 273 1172 313; x_wconf 90' lang='lat' dir='ltr'>si</span> <span class='ocrx_word' id='word_1_16' title='bbox 1195 273 1236 313; x_wconf 91' lang='lat' dir='ltr'>in</span> <span class='ocrx_word' id='word_1_17' title='bbox 1254 284 1340 313; x_wconf 84' lang='lat' dir='ltr'>rem</span> <span class='ocrx_word' id='word_1_18' title='bbox 1359 277 1541 313; x_wconf 83' lang='lat' dir='ltr'>nostram</span> <span class='ocrx_word' id='word_1_19' title='bbox 1568 278 1701 314; x_wconf 84' lang='lat' dir='ltr'>trans-</span> 
     </span>
     <span class='ocr_line' id='line_1_4' title="bbox 130 340 1704 395; baseline -0.004 -7"><span class='ocrx_word' id='word_1_20' title='bbox 130 347 324 392; x_wconf 68' lang='lat' dir='ltr'>ferimuS,</span> <span class='ocrx_word' id='word_1_21' title='bbox 355 344 567 385; x_wconf 79' lang='lat' dir='ltr'>concedas</span> <span class='ocrx_word' id='word_1_22' title='bbox 594 351 699 381; x_wconf 82' lang='lat' dir='ltr'>sane</span> <span class='ocrx_word' id='word_1_23' title='bbox 730 351 811 380; x_wconf 86' lang='lat' dir='ltr'>non</span> <span class='ocrx_word' id='word_1_24' title='bbox 845 340 1000 381; x_wconf 89' lang='lat' dir='ltr'>diutius</span> <span class='ocrx_word' id='word_1_25' title='bbox 1029 340 1278 391; x_wconf 81' lang='lat' dir='ltr'>Sophoclem</span> <span class='ocrx_word' id='word_1_26' title='bbox 1298 341 1496 393; x_wconf 83' lang='lat' dir='ltr'><strong>Aeschyli</strong></span> <span class='ocrx_word' id='word_1_27' title='bbox 1525 343 1704 395; x_wconf 82' lang='lat' dir='ltr'>vestigia</span> 
     </span>
     <span class='ocr_line' id='line_1_5' title="bbox 129 409 1702 472; baseline -0.004 -14"><span class='ocrx_word' id='word_1_28' title='bbox 129 416 338 469; x_wconf 75' lang='lat' dir='ltr'>pressisse</span> <span class='ocrx_word' id='word_1_29' title='bbox 363 414 405 455; x_wconf 89' lang='lat' dir='ltr'>in</span> <span class='ocrx_word' id='word_1_30' title='bbox 428 413 596 453; x_wconf 85' lang='lat' dir='ltr'>modum</span> <span class='ocrx_word' id='word_1_31' title='bbox 623 409 715 450; x_wconf 84' lang='lat' dir='ltr'>eius</span> <span class='ocrx_word' id='word_1_32' title='bbox 745 410 816 462; x_wconf 91' lang='lat' dir='ltr'>qui</span> <span class='ocrx_word' id='word_1_33' title='bbox 846 411 999 451; x_wconf 88' lang='lat' dir='ltr'>flumen</span> <span class='ocrx_word' id='word_1_34' title='bbox 1032 417 1201 452; x_wconf 82' lang='lat' dir='ltr'>secutus</span> <span class='ocrx_word' id='word_1_35' title='bbox 1235 411 1287 452; x_wconf 82' lang='lat' dir='ltr'>sit</span> <span class='ocrx_word' id='word_1_36' title='bbox 1319 413 1382 472; x_wconf 75' lang='lat' dir='ltr'>yel</span> <span class='ocrx_word' id='word_1_37' title='bbox 1411 411 1505 462; x_wconf 86' lang='lat' dir='ltr'>ipso</span> <span class='ocrx_word' id='word_1_38' title='bbox 1535 412 1702 453; x_wconf 84' lang='lat' dir='ltr'>flumine</span> 
     </span>
     <span class='ocr_line' id='line_1_6' title="bbox 131 480 1704 532; baseline -0.004 -3"><span class='ocrx_word' id='word_1_39' title='bbox 131 488 316 529; x_wconf 83' lang='lat' dir='ltr'>delatus:</span> <span class='ocrx_word' id='word_1_40' title='bbox 348 490 390 526; x_wconf 81' lang='lat' dir='ltr'>at</span> <span class='ocrx_word' id='word_1_41' title='bbox 421 482 502 523; x_wconf 89' lang='lat' dir='ltr'>hoc</span> <span class='ocrx_word' id='word_1_42' title='bbox 522 490 659 532; x_wconf 88' lang='lat' dir='ltr'>usque</span> <span class='ocrx_word' id='word_1_43' title='bbox 677 481 905 522; x_wconf 86' lang='lat' dir='ltr'>tenendum</span> <span class='ocrx_word' id='word_1_44' title='bbox 926 480 1026 530; x_wconf 78' lang='lat' dir='ltr'>erit,</span> <span class='ocrx_word' id='word_1_45' title='bbox 1059 481 1306 531; x_wconf 83' lang='lat' dir='ltr'>Sophoclem</span> <span class='ocrx_word' id='word_1_46' title='bbox 1339 492 1430 521; x_wconf 87' lang='lat' dir='ltr'>cum</span> <span class='ocrx_word' id='word_1_47' title='bbox 1460 481 1566 522; x_wconf 85' lang='lat' dir='ltr'>haec</span> <span class='ocrx_word' id='word_1_48' title='bbox 1595 482 1704 522; x_wconf 91' lang='lat' dir='ltr'>voci-</span> 
     </span>
     <span class='ocr_line' id='line_1_7' title="bbox 129 550 1702 603; baseline -0.003 -6"><span class='ocrx_word' id='word_1_49' title='bbox 129 559 352 602; x_wconf 81' lang='lat' dir='ltr'>feraretur,</span> <span class='ocrx_word' id='word_1_50' title='bbox 394 552 473 593; x_wconf 86' lang='lat' dir='ltr'>sibi</span> <span class='ocrx_word' id='word_1_51' title='bbox 511 556 625 591; x_wconf 75' lang='lat' dir='ltr'>cei-&#39;te</span> <span class='ocrx_word' id='word_1_52' title='bbox 665 550 798 590; x_wconf 89' lang='lat' dir='ltr'>visum</span> <span class='ocrx_word' id='word_1_53' title='bbox 842 562 939 591; x_wconf 89' lang='lat' dir='ltr'>esse</span> <span class='ocrx_word' id='word_1_54' title='bbox 980 550 1233 600; x_wconf 80' lang='lat' dir='ltr'>aliquamdiu</span> <span class='ocrx_word' id='word_1_55' title='bbox 1276 557 1435 592; x_wconf 83' lang='lat' dir='ltr'>tumore</span> <span class='ocrx_word' id='word_1_56' title='bbox 1466 552 1702 603; x_wconf 83' lang='lat' dir='ltr'>Aeschyleo</span> 
     </span>
     <span class='ocr_line' id='line_1_8' title="bbox 131 616 1703 676; baseline -0.005 -8"><span class='ocrx_word' id='word_1_57' title='bbox 131 638 254 668; x_wconf 90' lang='lat' dir='ltr'>usum</span> <span class='ocrx_word' id='word_1_58' title='bbox 285 636 335 664; x_wconf 87' lang='lat' dir='ltr'>ac</span> <span class='ocrx_word' id='word_1_59' title='bbox 363 616 648 672; x_wconf 83' lang='lat' dir='ltr'>perfunctum,</span> <span class='ocrx_word' id='word_1_60' title='bbox 693 620 1043 672; x_wconf 83' lang='lat' dir='ltr'>quemadmodum</span> <span class='ocrx_word' id='word_1_61' title='bbox 1079 632 1173 660; x_wconf 89' lang='lat' dir='ltr'>eum</span> <span class='ocrx_word' id='word_1_62' title='bbox 1213 621 1283 671; x_wconf 92' lang='lat' dir='ltr'>qui</span> <span class='ocrx_word' id='word_1_63' title='bbox 1322 619 1615 676; x_wconf 72' lang='grc' dir='ltr'>διαπεπλιχώς</span> <span class='ocrx_word' id='word_1_64' title='bbox 1645 622 1703 661; x_wconf 89' lang='grc'>(11-</span> 
     </span>
     <span class='ocr_line' id='line_1_9' title="bbox 132 690 1703 743; baseline -0.003 -7"><span class='ocrx_word' id='word_1_65' title='bbox 132 697 236 737; x_wconf 83' lang='lat' dir='ltr'>citur</span> <span class='ocrx_word' id='word_1_66' title='bbox 269 703 449 734; x_wconf 84' lang='lat' dir='ltr'>necesse</span> <span class='ocrx_word' id='word_1_67' title='bbox 482 696 547 733; x_wconf 89' lang='lat' dir='ltr'>est</span> <span class='ocrx_word' id='word_1_68' title='bbox 576 691 713 742; x_wconf 89' lang='lat' dir='ltr'>ipsum</span> <span class='ocrx_word' id='word_1_69' title='bbox 744 690 868 731; x_wconf 90' lang='lat' dir='ltr'>undis</span> <span class='ocrx_word' id='word_1_70' title='bbox 901 690 1038 743; x_wconf 84' lang='lat' dir='ltr'>tangi,</span> <span class='ocrx_word' id='word_1_71' title='bbox 1076 690 1166 731; x_wconf 91' lang='lat' dir='ltr'>sive</span> <span class='ocrx_word' id='word_1_72' title='bbox 1196 696 1238 731; x_wconf 86' lang='grc'>111</span> <span class='ocrx_word' id='word_1_73' title='bbox 1268 690 1382 731; x_wconf 84' lang='grc'>11111111</span> <span class='ocrx_word' id='word_1_74' title='bbox 1411 692 1610 733; x_wconf 89' lang='lat' dir='ltr'>imbutum</span> <span class='ocrx_word' id='word_1_75' title='bbox 1631 704 1703 742; x_wconf 84' lang='lat' dir='ltr'>pu-</span> 
     </span>
     <span class='ocr_line' id='line_1_10' title="bbox 130 760 947 811; baseline -0.006 -6"><span class='ocrx_word' id='word_1_76' title='bbox 130 764 236 806; x_wconf 83' lang='lat' dir='ltr'>tabis</span> <span class='ocrx_word' id='word_1_77' title='bbox 269 762 359 802; x_wconf 90' lang='lat' dir='ltr'>sive</span> <span class='ocrx_word' id='word_1_78' title='bbox 388 761 561 802; x_wconf 86' lang='lat' dir='ltr'>tinctum</span> <span class='ocrx_word' id='word_1_79' title='bbox 596 760 685 801; x_wconf 86' lang='lat' dir='ltr'>sive</span> <span class='ocrx_word' id='word_1_80' title='bbox 715 772 947 811; x_wconf 33' lang='lat' dir='ltr'>aspeiqum</span> 
     </span>
    </p>

    <p class='ocr_par' dir='ltr' id='par_1_3' title="bbox 129 829 1707 961">
     <span class='ocr_line' id='line_1_11' title="bbox 246 829 1704 899; baseline -0.001 -26"><span class='ocrx_word' id='word_1_81' title='bbox 246 832 406 881; x_wconf 83' lang='lat' dir='ltr'>Quodsi</span> <span class='ocrx_word' id='word_1_82' title='bbox 429 830 649 899; x_wconf 81' lang='lat' dir='ltr'>effectum</span> <span class='ocrx_word' id='word_1_83' title='bbox 631 836 771 890; x_wconf 55' lang='grc' dir='ltr'>55ῐῶ</span> <span class='ocrx_word' id='word_1_84' title='bbox 776 842 874 890; x_wconf 67' lang='grc'>551</span> <span class='ocrx_word' id='word_1_85' title='bbox 901 836 987 890; x_wconf 68' lang='lat' dir='ltr'>ties</span> <span class='ocrx_word' id='word_1_86' title='bbox 1027 829 1129 885; x_wconf 83' lang='lat' dir='ltr'>illos</span> <span class='ocrx_word' id='word_1_87' title='bbox 1150 829 1284 885; x_wconf 82' lang='lat' dir='ltr'>quasi</span> <span class='ocrx_word' id='word_1_88' title='bbox 1296 831 1477 893; x_wconf 72' lang='lat' dir='ltr'>giadus</span> <span class='ocrx_word' id='word_1_89' title='bbox 1499 832 1630 893; x_wconf 71' lang='lat' dir='ltr'>artis</span> <span class='ocrx_word' id='word_1_90' title='bbox 1630 831 1704 872; x_wconf 89' lang='lat' dir='ltr'>So-</span> 
     </span>
     <span class='ocr_line' id='line_1_12' title="bbox 129 886 1707 980; baseline -0.001 -38"><span class='ocrx_word' id='word_1_91' title='bbox 129 902 321 958; x_wconf 83' lang='lat' dir='ltr'>phoclem</span> <span class='ocrx_word' id='word_1_92' title='bbox 349 888 501 942; x_wconf 47' lang='lat' dir='ltr'>sibim</span> <span class='ocrx_word' id='word_1_93' title='bbox 457 912 589 941; x_wconf 82' lang='lat' dir='ltr'>visum</span> <span class='ocrx_word' id='word_1_94' title='bbox 607 912 728 960; x_wconf 90' lang='grc'>5555</span> <span class='ocrx_word' id='word_1_95' title='bbox 738 900 1006 941; x_wconf 75' lang='lat' dir='ltr'>ascendisse</span> <span class='ocrx_word' id='word_1_96' title='bbox 1029 899 1120 980; x_wconf 83' lang='lat' dir='ltr'>iam</span> <span class='ocrx_word' id='word_1_97' title='bbox 1136 899 1357 965; x_wconf 84' lang='lat' dir='ltr'>singuli</span> <span class='ocrx_word' id='word_1_98' title='bbox 1373 900 1478 962; x_wconf 88' lang='lat' dir='ltr'>qui</span> <span class='ocrx_word' id='word_1_99' title='bbox 1494 886 1707 967; x_wconf 78' lang='lat' dir='ltr'>suerint</span> 
     </span>
    </p>
   </div>
   <div class='ocr_carea' id='block_1_3' title="bbox 130 953 1708 1030">
    <p class='ocr_par' dir='ltr' id='par_1_4' title="bbox 130 953 1708 1030">
     <span class='ocr_line' id='line_1_13' title="bbox 130 953 1708 1030; baseline -0.002 -17"><span class='ocrx_word' id='word_1_100' title='bbox 130 974 349 1025; x_wconf 73' lang='lat' dir='ltr'>gindus</span> <span class='ocrx_word' id='word_1_101' title='bbox 378 972 677 1030; x_wconf 87' lang='lat' dir='ltr'>mqunendum</span> <span class='ocrx_word' id='word_1_102' title='bbox 702 976 781 1012; x_wconf 89' lang='lat' dir='ltr'>est.</span> <span class='ocrx_word' id='word_1_103' title='bbox 844 954 1036 1021; x_wconf 62' lang='lat' dir='ltr'>Atque&amp;</span> <span class='ocrx_word' id='word_1_104' title='bbox 1012 985 1142 1027; x_wconf 65' lang='grc' dir='ltr'>οχκοξ</span> <span class='ocrx_word' id='word_1_105' title='bbox 1168 960 1340 1020; x_wconf 82' lang='lat' dir='ltr'>quidem</span> <span class='ocrx_word' id='word_1_106' title='bbox 1372 969 1469 1020; x_wconf 89' lang='lat' dir='ltr'>quin</span> <span class='ocrx_word' id='word_1_107' title='bbox 1490 953 1708 1012; x_wconf 55' lang='lat' dir='ltr'>s&#39;it‘gu&#39;bli-</span> 
     </span>
    </p>
   </div>
   <div class='ocr_carea' id='block_1_4' title="bbox 130 1018 1707 1092">
    <p class='ocr_par' dir='ltr' id='par_1_5' title="bbox 130 1018 1707 1092">
     <span class='ocr_line' id='line_1_14' title="bbox 130 1018 1707 1092; baseline -0.002 -10"><span class='ocrx_word' id='word_1_108' title='bbox 130 1023 434 1092; x_wconf 49' lang='lat' dir='ltr'>inffiqtlae</span> <span class='ocrx_word' id='word_1_109' title='bbox 424 1041 602 1091; x_wconf 84' lang='lat' dir='ltr'>cuipiam</span> <span class='ocrx_word' id='word_1_110' title='bbox 627 1018 1007 1085; x_wconf 38' lang='lat' dir='ltr'>mmmffiwdeaun</span> <span class='ocrx_word' id='word_1_111' title='bbox 1046 1052 1131 1079; x_wconf 88' lang='lat' dir='ltr'>non</span> <span class='ocrx_word' id='word_1_112' title='bbox 1164 1040 1334 1080; x_wconf 88' lang='lat' dir='ltr'>dubium</span> <span class='ocrx_word' id='word_1_113' title='bbox 1373 1045 1459 1089; x_wconf 84' lang='lat' dir='ltr'>est,</span> <span class='ocrx_word' id='word_1_114' title='bbox 1501 1040 1707 1091; x_wconf 86' lang='lat' dir='ltr'>siquidem</span> 
     </span>
    </p>
   </div>
   <div class='ocr_carea' id='block_1_5' title="bbox 130 1110 1720 1176">
    <p class='ocr_par' dir='ltr' id='par_1_6' title="bbox 130 1110 1720 1176">
     <span class='ocr_line' id='line_1_15' title="bbox 130 1110 1720 1176; baseline -0.001 -22"><span class='ocrx_word' id='word_1_115' title='bbox 130 1126 154 1154; x_wconf 84' lang='lat' dir='ltr'>a</span> <span class='ocrx_word' id='word_1_116' title='bbox 184 1111 395 1153; x_wconf 87' lang='lat' dir='ltr'>veteribus</span> <span class='ocrx_word' id='word_1_117' title='bbox 440 1111 704 1161; x_wconf 74' lang='lat' dir='ltr'>piaedicatui·</span> <span class='ocrx_word' id='word_1_118' title='bbox 733 1110 938 1176; x_wconf 83' lang='lat' dir='ltr'>Aeschyli</span> <span class='ocrx_word' id='word_1_119' title='bbox 944 1111 1264 1176; x_wconf 58' lang='lat' dir='ltr'>,aeyastonggca</span> <span class='ocrx_word' id='word_1_120' title='bbox 1295 1121 1372 1151; x_wconf 88' lang='lat' dir='ltr'>seu</span> <span class='ocrx_word' id='word_1_121' title='bbox 1399 1112 1720 1175; x_wconf 50' lang='lat' dir='ltr'>fislaffifflma</span> 
     </span>
    </p>
   </div>
   <div class='ocr_carea' id='block_1_6' title="bbox 1230 1162 1435 1175">
    <p class='ocr_par' dir='ltr' id='par_1_7' title="bbox 1230 1162 1435 1175">
     <span class='ocr_line' id='line_1_16' title="bbox 1230 1162 1435 1175; baseline 0.005 -5"><span class='ocrx_word' id='word_1_122' title='bbox 1230 1162 1312 1172; x_wconf 51' lang='lat' dir='ltr'>*nu-«¹</span> <span class='ocrx_word' id='word_1_123' title='bbox 1308 1162 1435 1175; x_wconf 38' lang='lat' dir='ltr'>:mmm</span> 
     </span>
    </p>
   </div>
   <div class='ocr_carea' id='block_1_7' title="bbox 131 1177 1716 1324">
    <p class='ocr_par' dir='ltr' id='par_1_8' title="bbox 131 1177 1709 1320">
     <span class='ocr_line' id='line_1_17' title="bbox 131 1177 1709 1241; baseline 0 -18"><span class='ocrx_word' id='word_1_124' title='bbox 131 1194 209 1224; x_wconf 81' lang='lat' dir='ltr'>seu</span> <span class='ocrx_word' id='word_1_125' title='bbox 248 1179 320 1233; x_wconf 79' lang='grc' dir='ltr'><em>η’τε</em></span> <span class='ocrx_word' id='word_1_126' title='bbox 360 1182 437 1223; x_wconf 81' lang='grc' dir='ltr'>τοῦ</span> <span class='ocrx_word' id='word_1_127' title='bbox 474 1177 717 1241; x_wconf 54' lang='lat' dir='ltr'>Alcaes3ov</span> <span class='ocrx_word' id='word_1_128' title='bbox 726 1178 1102 1241; x_wconf 76' lang='grc' dir='ltr'>μεγαλοφροσυνη</span> <span class='ocrx_word' id='word_1_129' title='bbox 1140 1182 1212 1222; x_wconf 84' lang='grc' dir='ltr'>καὶ</span> <span class='ocrx_word' id='word_1_130' title='bbox 1243 1179 1293 1222; x_wconf 83' lang='grc' dir='ltr'>τὸ</span> <span class='ocrx_word' id='word_1_131' title='bbox 1324 1186 1529 1241; x_wconf 85' lang='grc' dir='ltr'>αρχαιον,</span> <span class='ocrx_word' id='word_1_132' title='bbox 1567 1179 1630 1224; x_wconf 67' lang='grc' dir='ltr'>ἔτι</span> <span class='ocrx_word' id='word_1_133' title='bbox 1661 1181 1709 1223; x_wconf 80' lang='grc' dir='ltr'>δε</span> 
     </span>
     <span class='ocr_line' id='line_1_18' title="bbox 132 1240 1716 1324; baseline -0.001 -28"><span class='ocrx_word' id='word_1_134' title='bbox 132 1248 409 1320; x_wconf 58' lang='lat' dir='ltr'>tffladsjg</span> <span class='ocrx_word' id='word_1_135' title='bbox 433 1251 525 1316; x_wconf 52' lang='grc' dir='ltr'>τᾶς</span> <span class='ocrx_word' id='word_1_136' title='bbox 520 1252 771 1312; x_wconf 48' lang='grc' dir='ltr'>διένριας</span> <span class='ocrx_word' id='word_1_137' title='bbox 764 1254 837 1310; x_wconf 74' lang='grc' dir='ltr'>κᾳὶ</span> <span class='ocrx_word' id='word_1_138' title='bbox 826 1243 1142 1324; x_wconf 51' lang='lat' dir='ltr'>ygumenus-⁸⁴)</span> <span class='ocrx_word' id='word_1_139' title='bbox 1192 1241 1335 1299; x_wconf 85' lang='lat' dir='ltr'>Quod</span> <span class='ocrx_word' id='word_1_140' title='bbox 1365 1242 1506 1292; x_wconf 72' lang='lat' dir='ltr'>autem</span> <span class='ocrx_word' id='word_1_141' title='bbox 1526 1240 1716 1293; x_wconf 68' lang='grc' dir='ltr'>διᾶιῖοια</span> 
     </span>
    </p>
   </div>
   <div class='ocr_carea' id='block_1_8' title="bbox 131 1305 1707 1450">
    <p class='ocr_par' dir='ltr' id='par_1_9' title="bbox 131 1305 1707 1444">
     <span class='ocr_line' id='line_1_19' title="bbox 131 1305 1705 1373; baseline -0.001 -9"><span class='ocrx_word' id='word_1_142' title='bbox 131 1309 502 1370; x_wconf 64' lang='lat' dir='ltr'>commemoratur,</span> <span class='ocrx_word' id='word_1_143' title='bbox 547 1332 654 1372; x_wconf 83' lang='lat' dir='ltr'>quae</span> <span class='ocrx_word' id='word_1_144' title='bbox 695 1305 828 1373; x_wconf 83' lang='lat' dir='ltr'>qualis</span> <span class='ocrx_word' id='word_1_145' title='bbox 870 1321 925 1362; x_wconf 88' lang='lat' dir='ltr'>sit</span> <span class='ocrx_word' id='word_1_146' title='bbox 960 1309 1155 1371; x_wconf 73' lang='lat' dir='ltr'>explicuit</span> <span class='ocrx_word' id='word_1_147' title='bbox 1194 1321 1441 1362; x_wconf 85' lang='lat' dir='ltr'>Aristoteles</span> <span class='ocrx_word' id='word_1_148' title='bbox 1479 1321 1592 1363; x_wconf 86' lang='lat' dir='ltr'>Poet.</span> <span class='ocrx_word' id='word_1_149' title='bbox 1612 1324 1649 1373; x_wconf 87' lang='grc'>6,</span> <span class='ocrx_word' id='word_1_150' title='bbox 1667 1323 1705 1363; x_wconf 82' lang='lat'>8.</span> 
     </span>
     <span class='ocr_line' id='line_1_20' title="bbox 134 1391 1707 1450; baseline -0.003 -14"><span class='ocrx_word' id='word_1_151' title='bbox 134 1392 215 1436; x_wconf 71' lang='grc'>19</span> <span class='ocrx_word' id='word_1_152' title='bbox 205 1405 259 1433; x_wconf 88' lang='grc' dir='ltr'>ιιι.</span> <span class='ocrx_word' id='word_1_153' title='bbox 272 1392 339 1444; x_wconf 80' lang='lat'>⁸⁵):</span> <span class='ocrx_word' id='word_1_154' title='bbox 372 1391 453 1433; x_wconf 86' lang='lat' dir='ltr'>etsi</span> <span class='ocrx_word' id='word_1_155' title='bbox 481 1391 604 1433; x_wconf 84' lang='lat' dir='ltr'>facile</span> <span class='ocrx_word' id='word_1_156' title='bbox 637 1391 905 1443; x_wconf 75' lang='lat' dir='ltr'>cognoscitur</span> <span class='ocrx_word' id='word_1_157' title='bbox 938 1403 1019 1431; x_wconf 89' lang='grc' dir='ltr'>ιιοιι</span> <span class='ocrx_word' id='word_1_158' title='bbox 1050 1391 1092 1431; x_wconf 90' lang='lat' dir='ltr'>in</span> <span class='ocrx_word' id='word_1_159' title='bbox 1123 1392 1289 1432; x_wconf 91' lang='lat' dir='ltr'>delectu</span> <span class='ocrx_word' id='word_1_160' title='bbox 1310 1396 1470 1450; x_wconf 81' lang='lat' dir='ltr'>tantum</span> <span class='ocrx_word' id='word_1_161' title='bbox 1492 1394 1707 1433; x_wconf 81' lang='lat' dir='ltr'>verboium</span> 
     </span>
    </p>
   </div>
   <div class='ocr_carea' id='block_1_9' title="bbox 665 1160 850 1173">
    <p class='ocr_par' dir='ltr' id='par_1_10' title="bbox 665 1160 850 1173">
     <span class='ocr_line' id='line_1_21' title="bbox 665 1160 850 1173; baseline 0 1885"><span class='ocrx_word' id='word_1_162' title='bbox 665 1160 850 1173; x_wconf 95' lang='lat' dir='ltr'> </span> 
     </span>
    </p>
   </div>
   <div class='ocr_carea' id='block_1_10' title="bbox 72 1461 1708 1513">
    <p class='ocr_par' dir='ltr' id='par_1_11' title="bbox 72 1461 1708 1513">
     <span class='ocr_line' id='line_1_22' title="bbox 72 1461 1708 1513; baseline -0.001 -9"><span class='ocrx_word' id='word_1_163' title='bbox 72 1504 79 1510; x_wconf 78' lang='grc'><strong>,</strong></span> <span class='ocrx_word' id='word_1_164' title='bbox 124 1462 332 1505; x_wconf 89' lang='lat' dir='ltr'>contineri</span> <span class='ocrx_word' id='word_1_165' title='bbox 363 1462 582 1504; x_wconf 87' lang='lat' dir='ltr'>sublimem</span> <span class='ocrx_word' id='word_1_166' title='bbox 613 1462 725 1503; x_wconf 77' lang='lat' dir='ltr'>illam</span> <span class='ocrx_word' id='word_1_167' title='bbox 756 1462 994 1510; x_wconf 80' lang='lat' dir='ltr'>audaciam,</span> <span class='ocrx_word' id='word_1_168' title='bbox 1036 1466 1174 1502; x_wconf 88' lang='lat' dir='ltr'>tamen</span> <span class='ocrx_word' id='word_1_169' title='bbox 1208 1461 1405 1513; x_wconf 87' lang='lat' dir='ltr'>quoniam</span> <span class='ocrx_word' id='word_1_170' title='bbox 1446 1462 1486 1502; x_wconf 89' lang='lat' dir='ltr'>in</span> <span class='ocrx_word' id='word_1_171' title='bbox 1519 1463 1708 1503; x_wconf 70' lang='lat' dir='ltr'>clatione</span> 
     </span>
    </p>
   </div>
   <div class='ocr_carea' id='block_1_11' title="bbox 488 1511 852 1527">
    <p class='ocr_par' dir='ltr' id='par_1_12' title="bbox 488 1511 852 1527">
     <span class='ocr_line' id='line_1_23' title="bbox 488 1511 852 1527; baseline -0.003 0"><span class='ocrx_word' id='word_1_172' title='bbox 488 1514 598 1527; x_wconf 57' lang='lat' dir='ltr'><em>W</em></span> <span class='ocrx_word' id='word_1_173' title='bbox 600 1514 689 1525; x_wconf 59' lang='lat' dir='ltr'>v-—nn-</span> <span class='ocrx_word' id='word_1_174' title='bbox 686 1511 730 1521; x_wconf 46' lang='grc' dir='ltr'>Μ’*</span> <span class='ocrx_word' id='word_1_175' title='bbox 742 1512 852 1523; x_wconf 39' lang='lat' dir='ltr'>“W-*⁹*</span> 
     </span>
    </p>
   </div>
   <div class='ocr_carea' id='block_1_12' title="bbox 128 1516 1711 2076">
    <p class='ocr_par' dir='ltr' id='par_1_13' title="bbox 128 1516 1711 2076">
     <span class='ocr_line' id='line_1_24' title="bbox 130 1516 1709 1584; baseline -0.001 -9"><span class='ocrx_word' id='word_1_176' title='bbox 130 1533 349 1575; x_wconf 73' lang='lat' dir='ltr'>sententiis</span> <span class='ocrx_word' id='word_1_177' title='bbox 380 1534 568 1574; x_wconf 77' lang='lat' dir='ltr'>oinanda</span> <span class='ocrx_word' id='word_1_178' title='bbox 599 1516 779 1584; x_wconf 84' lang='lat' dir='ltr'>apteque</span> <span class='ocrx_word' id='word_1_179' title='bbox 807 1534 858 1574; x_wconf 92' lang='lat' dir='ltr'>ad</span> <span class='ocrx_word' id='word_1_180' title='bbox 879 1533 920 1573; x_wconf 92' lang='lat' dir='ltr'>id</span> <span class='ocrx_word' id='word_1_181' title='bbox 944 1534 1053 1584; x_wconf 88' lang='lat' dir='ltr'>quod</span> <span class='ocrx_word' id='word_1_182' title='bbox 1074 1532 1332 1583; x_wconf 86' lang='lat' dir='ltr'>propositum</span> <span class='ocrx_word' id='word_1_183' title='bbox 1362 1538 1427 1574; x_wconf 89' lang='lat' dir='ltr'>est</span> <span class='ocrx_word' id='word_1_184' title='bbox 1452 1533 1709 1574; x_wconf 86' lang='lat' dir='ltr'>instituenda</span> 
     </span>
     <span class='ocr_line' id='line_1_25' title="bbox 128 1600 1709 1657; baseline -0.001 -12"><span class='ocrx_word' id='word_1_185' title='bbox 128 1608 317 1646; x_wconf 76' lang='lat' dir='ltr'>versatur</span> <span class='ocrx_word' id='word_1_186' title='bbox 347 1609 389 1645; x_wconf 88' lang='lat' dir='ltr'>et</span> <span class='ocrx_word' id='word_1_187' title='bbox 417 1603 511 1654; x_wconf 83' lang='lat' dir='ltr'>ipsa</span> <span class='ocrx_word' id='word_1_188' title='bbox 541 1601 739 1657; x_wconf 77' lang='grc' dir='ltr'>διάνοια,</span> <span class='ocrx_word' id='word_1_189' title='bbox 782 1615 858 1644; x_wconf 90' lang='lat' dir='ltr'>eae</span> <span class='ocrx_word' id='word_1_190' title='bbox 897 1608 1038 1653; x_wconf 78' lang='lat' dir='ltr'>paites</span> <span class='ocrx_word' id='word_1_191' title='bbox 1079 1602 1122 1642; x_wconf 85' lang='lat' dir='ltr'>in</span> <span class='ocrx_word' id='word_1_192' title='bbox 1165 1602 1314 1653; x_wconf 90' lang='lat' dir='ltr'>quibus</span> <span class='ocrx_word' id='word_1_193' title='bbox 1356 1602 1410 1643; x_wconf 85' lang='lat' dir='ltr'>sit</span> <span class='ocrx_word' id='word_1_194' title='bbox 1445 1600 1574 1657; x_wconf 74' lang='grc' dir='ltr'>ὄγκος</span> <span class='ocrx_word' id='word_1_195' title='bbox 1613 1616 1709 1644; x_wconf 88' lang='lat' dir='ltr'>con-</span> 
     </span>
     <span class='ocr_line' id='line_1_26' title="bbox 130 1671 1709 1738; baseline -0.001 -23"><span class='ocrx_word' id='word_1_196' title='bbox 130 1673 301 1725; x_wconf 82' lang='lat' dir='ltr'>spicuus</span> <span class='ocrx_word' id='word_1_197' title='bbox 333 1673 548 1735; x_wconf 76' lang='lat' dir='ltr'>pertinent</span> <span class='ocrx_word' id='word_1_198' title='bbox 549 1675 672 1729; x_wconf 45' lang='lat' dir='ltr'>wad,</span> <span class='ocrx_word' id='word_1_199' title='bbox 660 1671 937 1738; x_wconf 60' lang='lat' dir='ltr'>orationem²³⁶</span> <span class='ocrx_word' id='word_1_200' title='bbox 939 1683 966 1725; x_wconf 87' lang='grc'>).</span> <span class='ocrx_word' id='word_1_201' title='bbox 1016 1672 1214 1722; x_wconf 84' lang='lat' dir='ltr'>Quamvis</span> <span class='ocrx_word' id='word_1_202' title='bbox 1236 1677 1376 1713; x_wconf 86' lang='lat' dir='ltr'>autem</span> <span class='ocrx_word' id='word_1_203' title='bbox 1394 1672 1600 1725; x_wconf 83' lang='lat' dir='ltr'>Bergkius</span> <span class='ocrx_word' id='word_1_204' title='bbox 1624 1686 1709 1714; x_wconf 88' lang='lat' dir='ltr'>mo·</span> 
     </span>
     <span class='ocr_line' id='line_1_27' title="bbox 131 1719 1707 1795; baseline 0.001 -12"><span class='ocrx_word' id='word_1_205' title='bbox 131 1744 288 1791; x_wconf 77' lang='lat' dir='ltr'>nuerit,</span> <span class='ocrx_word' id='word_1_206' title='bbox 320 1755 373 1784; x_wconf 86' lang='lat' dir='ltr'>ne</span> <span class='ocrx_word' id='word_1_207' title='bbox 402 1743 495 1794; x_wconf 81' lang='lat' dir='ltr'>quis</span> <span class='ocrx_word' id='word_1_208' title='bbox 440 1719 582 1784; x_wconf 85' lang='lat' dir='ltr'>ad</span> <span class='ocrx_word' id='word_1_209' title='bbox 614 1725 875 1785; x_wconf 51' lang='lat' dir='ltr'>dicendim</span> <span class='ocrx_word' id='word_1_210' title='bbox 820 1748 982 1785; x_wconf 81' lang='lat' dir='ltr'>tantum</span> <span class='ocrx_word' id='word_1_211' title='bbox 1022 1755 1157 1795; x_wconf 82' lang='lat' dir='ltr'>genus</span> <span class='ocrx_word' id='word_1_212' title='bbox 1198 1743 1350 1784; x_wconf 84' lang='lat' dir='ltr'>reseiat</span> <span class='ocrx_word' id='word_1_213' title='bbox 1389 1742 1495 1784; x_wconf 91' lang='lat' dir='ltr'>haec</span> <span class='ocrx_word' id='word_1_214' title='bbox 1529 1754 1637 1794; x_wconf 91' lang='lat' dir='ltr'>quae</span> <span class='ocrx_word' id='word_1_215' title='bbox 1668 1745 1707 1784; x_wconf 89' lang='lat' dir='ltr'>in</span> 
     </span>
     <span class='ocr_line' id='line_1_28' title="bbox 130 1812 1711 1865; baseline 0 -12"><span class='ocrx_word' id='word_1_216' title='bbox 130 1812 336 1854; x_wconf 78' lang='lat' dir='ltr'>Plutarchi</span> <span class='ocrx_word' id='word_1_217' title='bbox 364 1814 458 1854; x_wconf 86' lang='lat' dir='ltr'>loco</span> <span class='ocrx_word' id='word_1_218' title='bbox 489 1818 561 1854; x_wconf 85' lang='lat' dir='ltr'>aut</span> <span class='ocrx_word' id='word_1_219' title='bbox 591 1812 789 1865; x_wconf 84' lang='lat' dir='ltr'>Aeschyli</span> <span class='ocrx_word' id='word_1_220' title='bbox 818 1812 986 1863; x_wconf 84' lang='lat' dir='ltr'>propria</span> <span class='ocrx_word' id='word_1_221' title='bbox 1017 1818 1087 1854; x_wconf 88' lang='lat' dir='ltr'>aut</span> <span class='ocrx_word' id='word_1_222' title='bbox 1117 1812 1340 1863; x_wconf 88' lang='lat' dir='ltr'>Sophoclis</span> <span class='ocrx_word' id='word_1_223' title='bbox 1371 1813 1607 1854; x_wconf 85' lang='lat' dir='ltr'>traduntur:</span> <span class='ocrx_word' id='word_1_224' title='bbox 1641 1824 1711 1854; x_wconf 88' lang='lat' dir='ltr'>ex-</span> 
     </span>
     <span class='ocr_line' id='line_1_29' title="bbox 132 1883 1708 1934; baseline 0 -9"><span class='ocrx_word' id='word_1_225' title='bbox 132 1889 253 1934; x_wconf 90' lang='lat' dir='ltr'>cepta</span> <span class='ocrx_word' id='word_1_226' title='bbox 283 1896 367 1923; x_wconf 89' lang='lat' dir='ltr'>non</span> <span class='ocrx_word' id='word_1_227' title='bbox 400 1883 492 1923; x_wconf 87' lang='lat' dir='ltr'>dico</span> <span class='ocrx_word' id='word_1_228' title='bbox 523 1883 766 1924; x_wconf 84' lang='lat' dir='ltr'>inventione</span> <span class='ocrx_word' id='word_1_229' title='bbox 797 1885 1095 1924; x_wconf 87' lang='lat' dir='ltr'>vocabulorum</span> <span class='ocrx_word' id='word_1_230' title='bbox 1129 1885 1203 1924; x_wconf 91' lang='lat' dir='ltr'>sed</span> <span class='ocrx_word' id='word_1_231' title='bbox 1238 1884 1350 1924; x_wconf 90' lang='lat' dir='ltr'>omni</span> <span class='ocrx_word' id='word_1_232' title='bbox 1381 1883 1581 1924; x_wconf 83' lang='lat' dir='ltr'>orationis</span> <span class='ocrx_word' id='word_1_233' title='bbox 1607 1890 1708 1931; x_wconf 79' lang='lat' dir='ltr'>arte,</span> 
     </span>
     <span class='ocr_line' id='line_1_30' title="bbox 132 1951 1708 2009; baseline 0.001 -16"><span class='ocrx_word' id='word_1_234' title='bbox 132 1952 230 2004; x_wconf 88' lang='lat' dir='ltr'>quid</span> <span class='ocrx_word' id='word_1_235' title='bbox 260 1957 481 2004; x_wconf 82' lang='lat' dir='ltr'>praeterea</span> <span class='ocrx_word' id='word_1_236' title='bbox 512 1952 757 2005; x_wconf 80' lang='lat' dir='ltr'>cogitaverit</span> <span class='ocrx_word' id='word_1_237' title='bbox 780 1953 843 1993; x_wconf 88' lang='lat' dir='ltr'>vir</span> <span class='ocrx_word' id='word_1_238' title='bbox 870 1954 1019 1994; x_wconf 86' lang='lat' dir='ltr'>doctus</span> <span class='ocrx_word' id='word_1_239' title='bbox 1048 1953 1089 1993; x_wconf 88' lang='lat' dir='ltr'>in</span> <span class='ocrx_word' id='word_1_240' title='bbox 1118 1965 1200 2005; x_wconf 90' lang='lat' dir='ltr'>quo</span> <span class='ocrx_word' id='word_1_241' title='bbox 1222 1954 1275 1994; x_wconf 87' lang='lat' dir='ltr'>sit</span> <span class='ocrx_word' id='word_1_242' title='bbox 1295 1951 1425 2009; x_wconf 79' lang='grc' dir='ltr'>ὄγκος</span> <span class='ocrx_word' id='word_1_243' title='bbox 1446 1954 1708 2006; x_wconf 75' lang='lat' dir='ltr'>conspicuus,</span> 
     </span>
     <span class='ocr_line' id='line_1_31' title="bbox 132 2023 1711 2076; baseline 0.001 -13"><span class='ocrx_word' id='word_1_244' title='bbox 132 2035 214 2064; x_wconf 86' lang='lat' dir='ltr'>non</span> <span class='ocrx_word' id='word_1_245' title='bbox 240 2023 519 2076; x_wconf 57' lang='lat' dir='ltr'>intellegow).</span> <span class='ocrx_word' id='word_1_246' title='bbox 565 2023 709 2074; x_wconf 88' lang='lat' dir='ltr'>Neque</span> <span class='ocrx_word' id='word_1_247' title='bbox 741 2035 841 2064; x_wconf 87' lang='lat' dir='ltr'>vero</span> <span class='ocrx_word' id='word_1_248' title='bbox 874 2023 909 2064; x_wconf 89' lang='lat' dir='ltr'>si</span> <span class='ocrx_word' id='word_1_249' title='bbox 939 2025 1047 2064; x_wconf 78' lang='lat' dir='ltr'>ultra</span> <span class='ocrx_word' id='word_1_250' title='bbox 1076 2024 1177 2064; x_wconf 86' lang='lat' dir='ltr'>illud</span> <span class='ocrx_word' id='word_1_251' title='bbox 1211 2026 1323 2076; x_wconf 90' lang='lat' dir='ltr'>quod</span> <span class='ocrx_word' id='word_1_252' title='bbox 1356 2030 1421 2066; x_wconf 86' lang='lat' dir='ltr'>est</span> <span class='ocrx_word' id='word_1_253' title='bbox 1450 2024 1491 2065; x_wconf 87' lang='lat' dir='ltr'>in</span> <span class='ocrx_word' id='word_1_254' title='bbox 1522 2025 1711 2067; x_wconf 87' lang='lat' dir='ltr'>oratione</span> 
     </span>
    </p>
   </div>
   <div class='ocr_carea' id='block_1_13' title="bbox 224 2187 871 2232">
    <p class='ocr_par' dir='ltr' id='par_1_14' title="bbox 224 2187 871 2232">
     <span class='ocr_line' id='line_1_32' title="bbox 224 2187 871 2232; baseline -0.002 -10"><span class='ocrx_word' id='word_1_255' title='bbox 224 2187 287 2231; x_wconf 82' lang='lat'>84)</span> <span class='ocrx_word' id='word_1_256' title='bbox 322 2189 386 2221; x_wconf 91' lang='lat' dir='ltr'>Dio</span> <span class='ocrx_word' id='word_1_257' title='bbox 413 2189 536 2231; x_wconf 80' lang='lat' dir='ltr'>Chrys.</span> <span class='ocrx_word' id='word_1_258' title='bbox 566 2187 710 2222; x_wconf 85' lang='lat' dir='ltr'>0r.L11.</span> <span class='ocrx_word' id='word_1_259' title='bbox 740 2199 775 2232; x_wconf 89' lang='lat' dir='ltr'>p.</span> <span class='ocrx_word' id='word_1_260' title='bbox 790 2189 871 2223; x_wconf 83' lang='grc'><strong>267.</strong></span> 
     </span>
    </p>
   </div>
   <div class='ocr_carea' id='block_1_14' title="bbox 130 2254 1713 2541">
    <p class='ocr_par' dir='ltr' id='par_1_15' title="bbox 130 2254 1713 2541">
     <span class='ocr_line' id='line_1_33' title="bbox 223 2254 1709 2304; baseline -0.001 -10"><span class='ocrx_word' id='word_1_261' title='bbox 223 2259 284 2302; x_wconf 83' lang='lat'>85)</span> <span class='ocrx_word' id='word_1_262' title='bbox 312 2261 374 2293; x_wconf 80' lang='lat' dir='ltr'>Ar.</span> <span class='ocrx_word' id='word_1_263' title='bbox 403 2260 500 2293; x_wconf 84' lang='lat' dir='ltr'>Poet.</span> <span class='ocrx_word' id='word_1_264' title='bbox 525 2258 559 2299; x_wconf 78' lang='grc'>6,</span> <span class='ocrx_word' id='word_1_265' title='bbox 580 2259 621 2292; x_wconf 89' lang='lat'>8:</span> <span class='ocrx_word' id='word_1_266' title='bbox 655 2256 802 2292; x_wconf 82' lang='grc' dir='ltr'>διάνοια</span> <span class='ocrx_word' id='word_1_267' title='bbox 827 2254 887 2300; x_wconf 81' lang='grc' dir='ltr'>δὲ,</span> <span class='ocrx_word' id='word_1_268' title='bbox 913 2257 956 2292; x_wconf 79' lang='grc' dir='ltr'>ἐν</span> <span class='ocrx_word' id='word_1_269' title='bbox 980 2255 1080 2298; x_wconf 82' lang='grc' dir='ltr'>ὅσοις</span> <span class='ocrx_word' id='word_1_270' title='bbox 1106 2258 1276 2304; x_wconf 78' lang='grc' dir='ltr'>λέγοντες</span> <span class='ocrx_word' id='word_1_271' title='bbox 1313 2256 1611 2294; x_wconf 70' lang='grc' dir='ltr'>ἀποδεικνύουσι</span> <span class='ocrx_word' id='word_1_272' title='bbox 1630 2267 1664 2293; x_wconf 74' lang='grc' dir='ltr'>τι</span> <span class='ocrx_word' id='word_1_273' title='bbox 1688 2257 1709 2303; x_wconf 84' lang='grc' dir='ltr'><em>ἢ</em></span> 
     </span>
     <span class='ocr_line' id='line_1_34' title="bbox 131 2309 1711 2365; baseline 0 -12"><span class='ocrx_word' id='word_1_274' title='bbox 131 2315 194 2353; x_wconf 79' lang='grc' dir='ltr'>καὶ</span> <span class='ocrx_word' id='word_1_275' title='bbox 228 2313 514 2364; x_wconf 75' lang='grc' dir='ltr'>ἀποφαίνονται</span> <span class='ocrx_word' id='word_1_276' title='bbox 547 2313 716 2363; x_wconf 81' lang='grc' dir='ltr'><strong><em>γνώμην.</em></strong></span> <span class='ocrx_word' id='word_1_277' title='bbox 742 2335 787 2341; x_wconf 89' lang='grc'>-</span> <span class='ocrx_word' id='word_1_278' title='bbox 828 2317 871 2352; x_wconf 85' lang='grc'>19</span> <span class='ocrx_word' id='word_1_279' title='bbox 895 2318 950 2352; x_wconf 88' lang='lat' dir='ltr'>in:</span> <span class='ocrx_word' id='word_1_280' title='bbox 975 2336 1021 2342; x_wconf 93' lang='lat'>—</span> <span class='ocrx_word' id='word_1_281' title='bbox 1045 2315 1091 2352; x_wconf 73' lang='grc' dir='ltr'>τοὶ</span> <span class='ocrx_word' id='word_1_282' title='bbox 1126 2314 1201 2365; x_wconf 80' lang='grc' dir='ltr'>μὲν</span> <span class='ocrx_word' id='word_1_283' title='bbox 1232 2309 1301 2352; x_wconf 74' lang='grc' dir='ltr'>οὖν</span> <span class='ocrx_word' id='word_1_284' title='bbox 1325 2316 1413 2363; x_wconf 82' lang='grc' dir='ltr'><strong><em>περὶ</em></strong></span> <span class='ocrx_word' id='word_1_285' title='bbox 1446 2315 1514 2361; x_wconf 77' lang='grc' dir='ltr'>τὴν</span> <span class='ocrx_word' id='word_1_286' title='bbox 1537 2316 1711 2353; x_wconf 77' lang='grc' dir='ltr'>διάνοιαν</span> 
     </span>
     <span class='ocr_line' id='line_1_35' title="bbox 131 2374 1713 2423; baseline 0 -11"><span class='ocrx_word' id='word_1_287' title='bbox 131 2375 175 2412; x_wconf 78' lang='grc' dir='ltr'>ἔν</span> <span class='ocrx_word' id='word_1_288' title='bbox 197 2377 275 2417; x_wconf 80' lang='grc' dir='ltr'>τοῖς</span> <span class='ocrx_word' id='word_1_289' title='bbox 298 2375 385 2422; x_wconf 79' lang='grc' dir='ltr'>περὶ</span> <span class='ocrx_word' id='word_1_290' title='bbox 418 2374 613 2423; x_wconf 77' lang='grc' dir='ltr'>ῥητορικῆς</span> <span class='ocrx_word' id='word_1_291' title='bbox 642 2378 794 2412; x_wconf 77' lang='grc' dir='ltr'><strong><em>κείσθω.</em></strong></span> <span class='ocrx_word' id='word_1_292' title='bbox 838 2376 1038 2421; x_wconf 84' lang='lat' dir='ltr'>(Librorum</span> <span class='ocrx_word' id='word_1_293' title='bbox 1074 2378 1183 2421; x_wconf 81' lang='lat' dir='ltr'>igitur</span> <span class='ocrx_word' id='word_1_294' title='bbox 1216 2377 1259 2410; x_wconf 90' lang='lat' dir='ltr'>de</span> <span class='ocrx_word' id='word_1_295' title='bbox 1293 2382 1371 2411; x_wconf 81' lang='lat' dir='ltr'>arte</span> <span class='ocrx_word' id='word_1_296' title='bbox 1407 2378 1596 2412; x_wconf 84' lang='lat' dir='ltr'>dicendi</span> <span class='ocrx_word' id='word_1_297' title='bbox 1631 2389 1713 2423; x_wconf 79' lang='lat' dir='ltr'>pro-</span> 
     </span>
     <span class='ocr_line' id='line_1_36' title="bbox 131 2434 1712 2481; baseline -0.001 -9"><span class='ocrx_word' id='word_1_298' title='bbox 131 2437 245 2481; x_wconf 69' lang='lat' dir='ltr'>priam</span> <span class='ocrx_word' id='word_1_299' title='bbox 269 2436 423 2472; x_wconf 72' lang='lat' dir='ltr'>habebat</span> <span class='ocrx_word' id='word_1_300' title='bbox 448 2435 658 2471; x_wconf 76' lang='lat' dir='ltr'>Aristoteles</span> <span class='ocrx_word' id='word_1_301' title='bbox 683 2436 925 2478; x_wconf 83' lang='lat' dir='ltr'>quaestionem</span> <span class='ocrx_word' id='word_1_302' title='bbox 950 2434 1037 2481; x_wconf 81' lang='grc' dir='ltr'><em>περὶ</em></span> <span class='ocrx_word' id='word_1_303' title='bbox 1061 2434 1227 2475; x_wconf 77' lang='grc' dir='ltr'>διανοίας</span> <span class='ocrx_word' id='word_1_304' title='bbox 1253 2436 1533 2481; x_wconf 84' lang='lat' dir='ltr'>instituendam.)</span> <span class='ocrx_word' id='word_1_305' title='bbox 1569 2436 1648 2472; x_wconf 74' lang='grc' dir='ltr'>ἔστι</span> <span class='ocrx_word' id='word_1_306' title='bbox 1671 2435 1712 2472; x_wconf 75' lang='grc' dir='ltr'>δὲ</span> 
     </span>
     <span class='ocr_line' id='line_1_37' title="bbox 130 2490 1711 2541; baseline 0.001 -12"><span class='ocrx_word' id='word_1_307' title='bbox 130 2491 226 2530; x_wconf 75' lang='grc' dir='ltr'><strong><em>κατὰ</em></strong></span> <span class='ocrx_word' id='word_1_308' title='bbox 250 2492 319 2539; x_wconf 86' lang='grc' dir='ltr'>τήν</span> <span class='ocrx_word' id='word_1_309' title='bbox 343 2490 515 2531; x_wconf 79' lang='grc' dir='ltr'>διάνοιαν</span> <span class='ocrx_word' id='word_1_310' title='bbox 538 2492 679 2538; x_wconf 80' lang='grc' dir='ltr'><strong>ταῦτα,</strong></span> <span class='ocrx_word' id='word_1_311' title='bbox 705 2490 779 2529; x_wconf 85' lang='grc' dir='ltr'>ὅσα</span> <span class='ocrx_word' id='word_1_312' title='bbox 802 2491 878 2529; x_wconf 79' lang='grc' dir='ltr'>ὑπὸ</span> <span class='ocrx_word' id='word_1_313' title='bbox 898 2494 963 2529; x_wconf 77' lang='grc' dir='ltr'>τοῦ</span> <span class='ocrx_word' id='word_1_314' title='bbox 981 2492 1097 2541; x_wconf 84' lang='grc' dir='ltr'><strong><em>λόγου</em></strong></span> <span class='ocrx_word' id='word_1_315' title='bbox 1117 2492 1175 2529; x_wconf 80' lang='grc' dir='ltr'>δεῖ</span> <span class='ocrx_word' id='word_1_316' title='bbox 1193 2494 1557 2540; x_wconf 75' lang='grc' dir='ltr'>παρασκευασθῆναι</span> <span class='ocrx_word' id='word_1_317' title='bbox 1574 2507 1650 2540; x_wconf 87' lang='lat' dir='ltr'>sqq.</span> <span class='ocrx_word' id='word_1_318' title='bbox 1664 2513 1711 2520; x_wconf 90' lang='lat'>-</span> 
     </span>
    </p>
   </div>
   <div class='ocr_carea' id='block_1_15' title="bbox 131 2564 1712 2730">
    <p class='ocr_par' dir='ltr' id='par_1_16' title="bbox 131 2564 1712 2730">
     <span class='ocr_line' id='line_1_38' title="bbox 224 2564 1712 2613; baseline 0.001 -12"><span class='ocrx_word' id='word_1_319' title='bbox 224 2565 286 2610; x_wconf 84' lang='lat'>86)</span> <span class='ocrx_word' id='word_1_320' title='bbox 322 2566 386 2602; x_wconf 81' lang='lat' dir='ltr'>cff.</span> <span class='ocrx_word' id='word_1_321' title='bbox 405 2566 507 2602; x_wconf 86' lang='lat' dir='ltr'>Dion.</span> <span class='ocrx_word' id='word_1_322' title='bbox 533 2565 645 2600; x_wconf 84' lang='lat' dir='ltr'>Halic.</span> <span class='ocrx_word' id='word_1_323' title='bbox 672 2564 716 2599; x_wconf 86' lang='lat' dir='ltr'>de</span> <span class='ocrx_word' id='word_1_324' title='bbox 744 2576 860 2611; x_wconf 88' lang='lat' dir='ltr'>comp.</span> <span class='ocrx_word' id='word_1_325' title='bbox 885 2567 1005 2600; x_wconf 85' lang='lat' dir='ltr'>verbb.</span> <span class='ocrx_word' id='word_1_326' title='bbox 1035 2577 1066 2601; x_wconf 93' lang='lat' dir='ltr'>c.</span> <span class='ocrx_word' id='word_1_327' title='bbox 1091 2567 1137 2600; x_wconf 84' lang='lat'>22</span> <span class='ocrx_word' id='word_1_328' title='bbox 1161 2565 1235 2609; x_wconf 90' lang='lat' dir='ltr'>(ed.</span> <span class='ocrx_word' id='word_1_329' title='bbox 1254 2567 1410 2603; x_wconf 77' lang='lat' dir='ltr'>Tauchn.</span> <span class='ocrx_word' id='word_1_330' title='bbox 1438 2567 1528 2612; x_wconf 85' lang='lat' dir='ltr'><strong>p.V.</strong></span> <span class='ocrx_word' id='word_1_331' title='bbox 1555 2577 1638 2613; x_wconf 80' lang='lat' dir='ltr'>pag.</span> <span class='ocrx_word' id='word_1_332' title='bbox 1653 2569 1712 2603; x_wconf 81' lang='lat'>74.</span> 
     </span>
     <span class='ocr_line' id='line_1_39' title="bbox 131 2624 1712 2670; baseline 0.003 -12"><span class='ocrx_word' id='word_1_333' title='bbox 131 2624 217 2670; x_wconf 78' lang='lat'><strong>75);</strong></span> <span class='ocrx_word' id='word_1_334' title='bbox 249 2625 296 2660; x_wconf 80' lang='grc'>(15</span> <span class='ocrx_word' id='word_1_335' title='bbox 329 2625 455 2660; x_wconf 74' lang='lat' dir='ltr'>admit.</span> <span class='ocrx_word' id='word_1_336' title='bbox 481 2626 515 2659; x_wconf 86' lang='lat' dir='ltr'>vi</span> <span class='ocrx_word' id='word_1_337' title='bbox 548 2625 691 2659; x_wconf 85' lang='lat' dir='ltr'>dicendi</span> <span class='ocrx_word' id='word_1_338' title='bbox 726 2626 761 2658; x_wconf 87' lang='lat' dir='ltr'>in</span> <span class='ocrx_word' id='word_1_339' title='bbox 786 2625 1024 2659; x_wconf 75' lang='lat' dir='ltr'>Demosthene</span> <span class='ocrx_word' id='word_1_340' title='bbox 1067 2636 1096 2658; x_wconf 92' lang='lat' dir='ltr'>c.</span> <span class='ocrx_word' id='word_1_341' title='bbox 1117 2625 1163 2661; x_wconf 88' lang='lat'>37</span> <span class='ocrx_word' id='word_1_342' title='bbox 1201 2625 1380 2670; x_wconf 85' lang='lat' dir='ltr'>(ibid.VI.</span> <span class='ocrx_word' id='word_1_343' title='bbox 1416 2637 1451 2670; x_wconf 89' lang='lat' dir='ltr'>p.</span> <span class='ocrx_word' id='word_1_344' title='bbox 1477 2625 1577 2670; x_wconf 74' lang='lat'><strong>215).</strong></span> <span class='ocrx_word' id='word_1_345' title='bbox 1612 2627 1712 2663; x_wconf 79' lang='lat' dir='ltr'>vitae</span> 
     </span>
     <span class='ocr_line' id='line_1_40' title="bbox 131 2682 1329 2730; baseline 0.001 -13"><span class='ocrx_word' id='word_1_346' title='bbox 131 2682 290 2728; x_wconf 79' lang='lat' dir='ltr'>scriptor</span> <span class='ocrx_word' id='word_1_347' title='bbox 316 2685 535 2730; x_wconf 77' lang='lat' dir='ltr'>Aeschyleae</span> <span class='ocrx_word' id='word_1_348' title='bbox 569 2684 769 2728; x_wconf 85' lang='lat' dir='ltr'>adscriptus</span> <span class='ocrx_word' id='word_1_349' title='bbox 796 2694 818 2717; x_wconf 86' lang='lat' dir='ltr'>a</span> <span class='ocrx_word' id='word_1_350' title='bbox 843 2684 1070 2729; x_wconf 80' lang='lat' dir='ltr'>Bernhardyo</span> <span class='ocrx_word' id='word_1_351' title='bbox 1096 2685 1120 2720; x_wconf 88' lang='lat' dir='ltr'>l.</span> <span class='ocrx_word' id='word_1_352' title='bbox 1144 2685 1168 2718; x_wconf 95' lang='grc'>1.</span> <span class='ocrx_word' id='word_1_353' title='bbox 1194 2696 1228 2729; x_wconf 85' lang='lat' dir='ltr'>p.</span> <span class='ocrx_word' id='word_1_354' title='bbox 1247 2684 1329 2720; x_wconf 84' lang='lat'>249.</span> 
     </span>
    </p>
   </div>
   <div class='ocr_carea' id='block_1_16' title="bbox 223 2754 1711 2801">
    <p class='ocr_par' dir='ltr' id='par_1_17' title="bbox 223 2754 1711 2801">
     <span class='ocr_line' id='line_1_41' title="bbox 223 2754 1711 2801; baseline -0.002 -11"><span class='ocrx_word' id='word_1_355' title='bbox 223 2754 284 2798; x_wconf 87' lang='grc'>87)</span> <span class='ocrx_word' id='word_1_356' title='bbox 322 2756 496 2801; x_wconf 84' lang='lat' dir='ltr'>Bergkius</span> <span class='ocrx_word' id='word_1_357' title='bbox 527 2755 591 2791; x_wconf 86' lang='lat' dir='ltr'>l.1.</span> <span class='ocrx_word' id='word_1_358' title='bbox 621 2766 657 2799; x_wconf 88' lang='lat' dir='ltr'>p.</span> <span class='ocrx_word' id='word_1_359' title='bbox 673 2755 831 2794; x_wconf 80' lang='lat' dir='ltr'><strong>XXXI..</strong></span> <span class='ocrx_word' id='word_1_360' title='bbox 891 2754 1023 2790; x_wconf 87' lang='lat' dir='ltr'>Monito</span> <span class='ocrx_word' id='word_1_361' title='bbox 1056 2756 1149 2789; x_wconf 86' lang='lat' dir='ltr'>illius</span> <span class='ocrx_word' id='word_1_362' title='bbox 1184 2756 1321 2790; x_wconf 83' lang='lat' dir='ltr'>facilius</span> <span class='ocrx_word' id='word_1_363' title='bbox 1348 2756 1586 2799; x_wconf 82' lang='lat' dir='ltr'>obsequemur</span> <span class='ocrx_word' id='word_1_364' title='bbox 1608 2756 1641 2788; x_wconf 89' lang='lat' dir='ltr'>in</span> <span class='ocrx_word' id='word_1_365' title='bbox 1668 2755 1711 2787; x_wconf 88' lang='lat' dir='ltr'>iis</span> 
     </span>
    </p>
   </div>
   <div class='ocr_carea' id='block_1_17' title="bbox 131 2807 1709 2917">
    <p class='ocr_par' dir='ltr' id='par_1_18' title="bbox 131 2807 1709 2917">
     <span class='ocr_line' id='line_1_42' title="bbox 131 2807 1708 2857; baseline 0 -13"><span class='ocrx_word' id='word_1_366' title='bbox 131 2821 220 2853; x_wconf 78' lang='lat' dir='ltr'>qnae</span> <span class='ocrx_word' id='word_1_367' title='bbox 254 2813 409 2857; x_wconf 83' lang='lat' dir='ltr'>reliquae</span> <span class='ocrx_word' id='word_1_368' title='bbox 434 2819 516 2847; x_wconf 87' lang='lat' dir='ltr'>sunt</span> <span class='ocrx_word' id='word_1_369' title='bbox 541 2814 701 2857; x_wconf 79' lang='lat' dir='ltr'>partibus</span> <span class='ocrx_word' id='word_1_370' title='bbox 726 2813 884 2847; x_wconf 83' lang='lat' dir='ltr'>duabus:</span> <span class='ocrx_word' id='word_1_371' title='bbox 917 2812 1150 2856; x_wconf 76' lang='grc' dir='ltr'>κατασκευήν</span> <span class='ocrx_word' id='word_1_372' title='bbox 1175 2815 1253 2848; x_wconf 82' lang='lat' dir='ltr'>dico</span> <span class='ocrx_word' id='word_1_373' title='bbox 1279 2819 1315 2848; x_wconf 87' lang='lat' dir='ltr'>et</span> <span class='ocrx_word' id='word_1_374' title='bbox 1339 2810 1575 2857; x_wconf 75' lang='grc' dir='ltr'>ἠθικώτατον</span> <span class='ocrx_word' id='word_1_375' title='bbox 1602 2807 1708 2850; x_wconf 74' lang='grc' dir='ltr'>εἶδος,</span> 
     </span>
     <span class='ocr_line' id='line_1_43' title="bbox 131 2870 1709 2917; baseline 0.001 -14"><span class='ocrx_word' id='word_1_376' title='bbox 131 2870 260 2905; x_wconf 83' lang='lat' dir='ltr'>Verum</span> <span class='ocrx_word' id='word_1_377' title='bbox 287 2872 322 2905; x_wconf 90' lang='lat' dir='ltr'>in</span> <span class='ocrx_word' id='word_1_378' title='bbox 348 2872 505 2916; x_wconf 84' lang='lat' dir='ltr'>reliquiis</span> <span class='ocrx_word' id='word_1_379' title='bbox 531 2871 726 2907; x_wconf 78' lang='lat' dir='ltr'>fabularum</span> <span class='ocrx_word' id='word_1_380' title='bbox 754 2881 842 2915; x_wconf 80' lang='lat' dir='ltr'>quas</span> <span class='ocrx_word' id='word_1_381' title='bbox 867 2873 913 2907; x_wconf 82' lang='lat' dir='ltr'>ad</span> <span class='ocrx_word' id='word_1_382' title='bbox 941 2873 1133 2917; x_wconf 82' lang='lat' dir='ltr'>primordia</span> <span class='ocrx_word' id='word_1_383' title='bbox 1159 2874 1244 2908; x_wconf 83' lang='lat' dir='ltr'>artis</span> <span class='ocrx_word' id='word_1_384' title='bbox 1270 2873 1492 2917; x_wconf 84' lang='lat' dir='ltr'>Sophocleae</span> <span class='ocrx_word' id='word_1_385' title='bbox 1516 2874 1639 2913; x_wconf 82' lang='lat' dir='ltr'>refert,</span> <span class='ocrx_word' id='word_1_386' title='bbox 1668 2881 1709 2903; x_wconf 82' lang='lat' dir='ltr'>ne</span> 
     </span>
    </p>
   </div>
   <div class='ocr_carea' id='block_1_18' title="bbox 1367 2933 1428 2972">
    <p class='ocr_par' dir='ltr' id='par_1_19' title="bbox 1367 2933 1428 2972">
     <span class='ocr_line' id='line_1_44' title="bbox 1367 2933 1428 2972; baseline 0 -16"><span class='ocrx_word' id='word_1_387' title='bbox 1367 2933 1428 2972; x_wconf 82' lang='grc'>3*</span> 
     </span>
    </p>
   </div>
   <div class='ocr_carea' id='block_1_19' title="bbox 1789 930 1843 996">
    <p class='ocr_par' dir='ltr' id='par_1_20' title="bbox 1789 930 1843 996">
     <span class='ocr_line' id='line_1_45' title="bbox 1789 930 1842 958; baseline 0 -1"><span class='ocrx_word' id='word_1_388' title='bbox 1789 930 1842 958; x_wconf 64' lang='lat' dir='ltr'>al</span> 
     </span>
     <span class='ocr_line' id='line_1_46' title="bbox 1800 963 1843 996; baseline 0 -24"><span class='ocrx_word' id='word_1_389' title='bbox 1800 963 1843 996; x_wconf 75' lang='lat'><strong>7</strong></span> 
     </span>
    </p>
   </div>
   <div class='ocr_carea' id='block_1_20' title="bbox 1797 1692 1839 1725">
    <p class='ocr_par' dir='ltr' id='par_1_21' title="bbox 1797 1692 1839 1725">
     <span class='ocr_line' id='line_1_47' title="bbox 1797 1692 1839 1725; baseline 0 0"><span class='ocrx_word' id='word_1_390' title='bbox 1797 1692 1839 1725; x_wconf 80' lang='lat'>’7</span> 
     </span>
    </p>
   </div>
  </div>
 </body>
</html>
