1843 3058
1626 72 1692 120 45

120 219 200 261 quo
228 211 416 257 tempore
447 200 678 254 Sophocles
709 201 886 251 primum
918 200 959 238 in
993 202 1201 239 certamen
1234 199 1436 250 tragicum
1467 198 1697 252 descendit,

118 287 252 328 usque
290 275 345 315 ad
377 272 436 313 01.
471 272 566 319 84,3
608 271 785 321 amplius
825 270 1009 320 quinque
1049 269 1179 309 lustra
1210 273 1348 319 erant,
1393 270 1543 318 quibus
1575 274 1699 320 poeta

120 361 146 388 a
174 338 406 397 primordiis
438 343 538 383 artis
568 340 690 382 facile
723 339 777 381 ad
808 335 1031 391 perfectam
1062 339 1252 379 virtutem
1286 338 1383 378 eniti
1407 342 1577 389 poterat.
1631 338 1698 381 Sic

121 417 201 456 etsi
232 414 478 455 solutionem
510 423 593 453 non
629 411 719 451 dari
750 410 825 450 sed
857 408 1008 449 differri
1038 410 1264 458 sentimuS,
1307 413 1444 448 tamen
1477 414 1700 460 expectan-

122 488 220 528 dum
260 486 357 533 erit,
404 485 537 525 donec
569 482 738 523 meliora
770 481 1040 532 proferantur.

242 554 425 604 Denique
456 564 554 594 vero
594 552 656 592 de
690 552 853 592 tertio
885 549 1054 602 gradu
1093 550 1299 600 perfectae
1330 552 1499 590 omnino
1531 555 1570 591 et
1602 562 1702 591 con-

125 627 358 668 summatae
378 624 477 665 artis
500 622 760 673 Sophocleae
780 621 899 661 facile
918 624 981 659 est
1000 619 1209 660 iudicium.
1272 619 1372 660 Nam
1401 621 1510 671 quod
1542 620 1702 673 Sopho-

127 697 211 737 cles
250 694 374 745 dixit,
424 695 571 750 τρίτον
600 683 1538 752 ἤδωξιᾳὲἐὲᾷἑει.,«ιριττῖςιλέξιῳιεαιεῖτῐρει
1593 689 1701 746 ὅπερ
1789 699 1841 748 7

126 764 244 807 ἐστὶν
272 760 546 815 ἤθικαΐτατον
576 764 650 803 καὶ
678 762 926 815 βέλτιστον,
967 760 1018 799 de
1049 760 1115 799 his
1146 761 1365 800 virtutibus
1399 761 1464 799 vix
1495 762 1703 800 dissensio

126 837 232 875 inter
262 835 382 873 viros<
404 833 548 873 doctos
581 835 672 872 orta
702 835 787 871 est:
832 832 873 870 in
904 830 1238 881 interpretatione
1272 830 1488 869 verborum
1520 830 1705 869 nonnulli

127 905 458 945 elaboraverunt.
522 903 753 943 Schoellius
785 902 894 941 enim
912 898 960 953 ⁹⁶)
993 902 1167 941 verbum
1199 900 1310 950 quod
1343 904 1408 940 est
1437 897 1640 955 μεταβά
1652 903 1705 941 λ-

128 978 240 1018 λειν
279 978 558 1029 praegnanter
587 974 742 1014 dictum
775 976 913 1025 putat,
961 975 1008 1013 ut
1041 973 1095 1013 sit
1124 971 1210 1012 fere
1255 972 1282 1012 i.
1319 982 1356 1023 q.
1387 969 1587 1034 varg'flqre.
1662 971 1706 1012 Id

129 1058 228 1088 vero
259 1047 336 1086 etsi
364 1044 520 1087 Graece
540 1045 718 1091 fortasse
742 1045 820 1085 dici
840 1046 993 1096 potuit,
1025 1042 1374 1094 quemadmodum
1408 1026 1551 1084 Latine
1566 1044 1708 1085 Cicero

131 1116 193 1157 Or.
221 1116 376 1167 31‚109
409 1115 632 1156 Homerum
661 1114 840 1155 Ennium
871 1114 1052 1164 reliquos
1084 1115 1232 1164 poetas
1254 1116 1295 1152 et
1313 1113 1494 1152 maxime
1525 1114 1708 1166 tragicos

132 1188 274 1228 crebro
314 1187 512 1228 mutasse
552 1187 870 1234 commemorat,
923 1195 1047 1235 quam
1088 1195 1174 1223 rem
1215 1183 1392 1224 illustrat
1432 1185 1601 1236 insuper
1630 1183 1711 1225 De-

132 1256 361 1298 mosthenis
394 1256 607 1306 exemplo,
650 1256 768 1295 cuius
800 1255 906 1294 aliae
939 1255 1151 1294 orationes
1182 1253 1333 1293 fuerint
1363 1254 1561 1304 subtiles,
1604 1254 1711 1294 aliae

132 1338 305 1379 graves,
347 1327 453 1366 aliae
493 1326 671 1376 denique
716 1326 874 1364 variae:
930 1329 1068 1364 tamen
1109 1325 1200 1374 ipso
1242 1335 1372 1363 sensu
1410 1336 1460 1364 ac
1491 1336 1602 1364 nexu
1631 1325 1712 1364 loci

131 1396 370 1438 ΡΙιιῐιιιοΙιίεἱ
402 1395 601 1447 postulari
633 1395 812 1443 videtur,
864 1397 910 1435 ut
938 1390 1223 1449 μεταβάλλειν
1264 1394 1315 1455 ad
1359 1393 1399 1434 id
1431 1406 1566 1447 genus
1606 1394 1712 1435 refe—

1451 1445 1645 1460 M

133 1479 275 1510 ramus
316 1466 427 1516 quod
466 1462 909 1529 receryogeczffimt
912 1464 1166 1516 Sophocles,
1178 1464 1275 1525 n*id
1304 1465 1419 1528 quod
1465 1476 1640 1525 supra
1630 1466 1710 1505 iam
1803 1481 1843 1525 3'

134 1522 445 1589 effi?
462 1536 661 1587 Bergkius
680 1520 850 1576 deinde
849 1522 1071 1586 interponit
1095 1531 1142 1575 τὰ
1167 1530 1239 1585 τῆς
1268 1521 1496 1586 ποικίλη
1512 1550 1532 1584 ς
1561 1535 1714 1585 λέξεως

133 1601 272 1659 εἶδος,
304 1607 413 1659 quod
446 1606 586 1647 dubito
619 1617 672 1647 an
705 1606 992 1647 necessarium
1035 1606 1089 1645 sit
1121 1605 1171 1646 ad
1205 1604 1458 1655 reddendam
1488 1605 1712 1657 pleniorem

135 1680 361 1718 orationem
394 1688 488 1717 eam
521 1688 625 1727 quae
657 1688 761 1717 sane
793 1677 905 1716 nuda
925 1676 1105 1716 videtur:
1141 1679 1252 1715 certe
1283 1686 1357 1726 per
1385 1687 1431 1715 se
1451 1678 1713 1728 aptissimum

135 1752 199 1789 est
229 1749 343 1789 vario
375 1759 424 1788 ac
454 1751 613 1788 morato
624 1758 786 1812 generi
819 1746 981 1787 dicendi
1025 1747 1065 1786 in
1100 1757 1190 1811 quo
1215 1744 1445 1797 Sophocles
1483 1748 1628 1788 enituit
1644 1745 1712 1803 ⁹⁷)
1807 1757 1843 1802 37

135 1818 222 1859 Hoc
243 1830 338 1859 vero
359 1807 494 1869 ipsum
513 1821 638 1870 poeta
660 1819 780 1868 quasi
796 1812 1017 1868 proprium
1037 1803 1227 1858 maturae
1259 1800 1371 1857 artis
1389 1806 1493 1858 suae
1489 1810 1715 1859 Ῐῖιίιδῦνίῐ.

134 1889 237 1931 Nam
270 1889 381 1940 quod
413 1889 676 1941 Lessingius‚
726 1888 906 1938 Euripidi
935 1892 982 1928 ut
1009 1888 1249 1928 attribueret
1280 1888 1441 1933 locum,
1473 1877 1716 1941 interpreta-

137 1966 206 2002 tus
238 1965 302 2000 est
332 1971 468 2012 genus
500 1960 715 1999 sententiis
747 1959 925 1999 densum
957 1962 998 1999 et
1029 1970 1189 1998 morum
1221 1960 1424 2009 probitate
1454 1960 1641 2012 insigne,
1673 1959 1715 2001 id

138 2041 262 2082 quam
296 2030 474 2071 alienum
506 2030 558 2070 sit
588 2030 640 2070 ab
671 2033 756 2070 arte
780 2028 1034 2080 Sophoclea,
1067 2029 1157 2079 ipse
1188 2030 1400 2079 exposuit:
1434 2030 1542 2081 quod
1576 2034 1715 2072 autem

137 2099 409 2153 Sophoclem,
462 2105 507 2142 ut
536 2105 699 2152 poetam
731 2103 837 2140 'vere
869 2100 1094 2152 tragicum,
1146 2101 1270 2140 rebus
1312 2112 1362 2141 ac
1403 2102 1586 2142 moribus
1627 2103 1716 2142 suis

138 2183 345 2224 quemque
384 2172 677 2212 convenienter
716 2170 923 2212 dicentem
961 2170 1098 2211 facere
1146 2171 1377 2222 praedicat,
1428 2172 1469 2212 id
1507 2173 1600 2224 ipsa
1639 2172 1718 2213 hac

139 2244 346 2284 sententia
375 2243 619 2294 significari,
653 2253 735 2281 non
769 2242 848 2280 nisi
878 2242 982 2281 miro
1013 2252 1151 2281 errore
1183 2245 1331 2292 captus
1363 2244 1493 2293 potuit
1523 2254 1604 2282 non
1626 2254 1719 2293 per-

139 2415 237 2439 muss
264 2405 321 2439 die
347 2405 669 2447 verfinderungen,
706 2405 842 2440 welche
868 2415 905 2438 er
938 2406 1002 2439 mit
1040 2405 1103 2438 der
1128 2405 1305 2448 Tragddie
1332 2405 1395 2438 des
1420 2404 1618 2448 Aeschylus
1643 2416 1719 2438 vor-

139 2464 268 2509 nahm,
304 2463 438 2499 damals
464 2463 573 2498 schon
599 2463 703 2508 lange
728 2462 893 2507 gemacht
925 2464 998 2498 und
1026 2463 1163 2498 danach
1200 2463 1262 2498 das
1288 2464 1405 2499 Ganze
1431 2463 1618 2507 organisch
1645 2473 1719 2498 um-

141 2522 308 2566 gestaltet
342 2522 475 2558 haben!

233 2580 297 2626 96)
323 2580 519 2617 Schoellius
545 2581 568 2614 l.
595 2591 698 2624 quem
724 2580 864 2615 laudavi
891 2591 923 2614 n.
951 2580 1009 2615 61.

233 2640 294 2684 97)
322 2640 471 2675 Videtur
493 2639 695 2685 respexisse
721 2639 894 2685 Bergkius
921 2639 967 2673 ad
992 2639 1107 2673 Vitam
1130 2639 1385 2683 Sophocleam‚
1412 2639 1447 2672 in
1471 2649 1541 2682 qua
1559 2637 1721 2673 laudatur

141 2704 268 2743 poeta,
294 2700 389 2741 quod
414 2693 588 2741 ἠθοποιεῖ
607 2707 646 2732 τε
675 2697 738 2732 καὶ
762 2697 1029 2731 ποικίλλει-ιε
1082 2697 1377 2740 quemadmodum
1402 2698 1446 2730 iis
1467 2698 1527 2739 qui
1552 2696 1615 2739 τῆς
1644 2707 1721 2739 μι-
1792 2716 1842 2738 q...

140 2756 254 2801 κτῆς
278 2756 407 2800 λέξεως
431 2747 1717 2803 commendaveruiiTffiiieiiiffnlfe“iivet'idi'ffi'ffi'ffi²k'5yfi'e‘”82’‘fcx*‘*ffl‘iat‘t⁷d,

142 2827 172 2850 v.
199 2826 307 2860 supra
333 2826 367 2850 n.
393 2817 449 2850 69.
483 2834 522 2840 —
564 2817 711 2849 Veteres
744 2817 803 2858 qui
838 2817 882 2849 de
917 2816 1040 2850 eadem
1076 2826 1112 2849 re
1146 2816 1388 2849 iudicaverunt
1424 2815 1510 2848 alios
1547 2814 1718 2858 Bergkius

142 2873 298 2907 laudavit
333 2885 367 2917 p.
396 2875 579 2907 XXXVII.
