1843 3058
158 47 218 98 16

154 173 345 215 distinxit
383 175 434 214 ab
474 177 563 214 arte
595 183 717 224 quam
760 174 856 225 ipse
890 180 1145 226 exposuerat
1176 177 1382 219 contineri
1415 178 1458 218 in
1479 172 1737 231 argumento

154 244 391 285 condendo.
841 261 845 266 ·
1461 279 1464 283 ,

268 314 358 355 Iam-
392 316 657 363 perspectum
697 313 797 361 erit,
848 315 1127 357 Hei-mannum
1171 321 1237 358 sat
1275 318 1404 359 multa
1443 323 1515 360 aut
1554 331 1655 359 non·
1677 317 1740 358 in·

153 387 338 437 dagasse
369 388 440 424 aut
472 384 686 433 quomodo
719 385 938 434 expediret
968 398 1053 426 non
1084 384 1297 428 habuisse.
1344 387 1609 438 Quamquam
1625 388 1739 439 quod

153 468 206 497 ea
246 466 354 505 quae
383 452 524 494 adhuc
544 453 761 504 -exposita
799 460 897 496 sunt
936 468 1021 496 non
1062 462 1178 498 recte
1209 458 1739 507 t1·actave1·it‚·!=excusatur

153 524 391 566 Aristotelis
423 522 570 569 ordine
610 524 887 566 ratiocinandi
929 526 1066 566 minus
1105 526 1328 577 perspicue
1371 527 1739 578 descripto-voca-

152 596 427 643 bulorumque
458 593 624 633 delectu
654 605 800 642 parum
831 600 1026 635 accurate
1056 595 1265 637 instituto.v
1330 597 1481 637 Verum
1514 606 1574 638 -ne
1599 595 1737 646 ipsum

153 665 321 716 quidem
361 661 561 705 iudicium
607 662 849 714 philosophi
894 676 944 705 ac
983 675 1156 706 sensum
1206 666 1377 707 omnino
1425 667 1635 718 integrum
1667 667 1736 707 ab

152 735 390 776 Hermanno
422 733 629 780 exhiberi,
669 733 749 774 etsi
782 733 874 784 quis
907 735 1101 781 miretur,
1141 735 1507 787 tamenprobanti
1547 735 1648 776 mihi
1678 735 1737 777 fa-

151 806 229 847 cile
270 816 394 855 spero
435 815 686 845 concessum
732 804 794 844 iri.
876 804 991 847 Neve
1041 805 1259 847 existimes
1313 807 1494 849 aberrari
1546 806 1736 858 nimium:

154 877 390 926 exemplum
419 873 565 920 istius,
600 884 723 923 quam
753 874 795 913 in
828 875 1064 916 Hermanno
1100 876 1390 926 reprehendo,
1428 888 1583 926 pravae
1610 876 1738 917 inter·

150 944 397 998 pretationis
427 943 470 983 in
501 943 594 997 ipso
626 955 678 985 eo
709 945 803 984 loco
836 945 1039 995 occurrit,
1083 945 1158 997 qui·
1194 944 1319 987 huius
1353 945 1613 997 quaestionis
1642 957 1737 997 pro-

150 1018 265 1068 prius
299 1022 384 1065 est3
416 1014 706 1064 interpretatio
738 1020 876 1056 autem
910 1027 961 1055 ea
994 1020 1080 1062 est,
1124 1025 1247 1065 quam
1280 1016 1636 1061 nisivsustuleris,
1678 1017 1734 1057 de

149 1086 381 1128 imitatione
413 1095 557 1125 eorum
591 1093 700 1134 quae
735 1085 883 1125 deceat
909 1089 1025 1125 recte
1054 1089 1240 1126 statuere
1262 1085 1542 1126 omninonon
1561 1085 1734 1137 poteris.

150 1158 412 1199 Hermannus
461 1154 572 1196 enim
620 1168 712 1195 cum
763 1155 804 1195 in
848 1156 1159 1196 commentariis
1207 1158 1260 1196 ad
1311 1161 1434 1206 caput
1464 1158 1519 1197 26
1570 1160 1640 1209 (ᾗ,
1659 1157 1734 1209 28)

151 1227 316 1278 scriptis
350 1226 617 1266 Aristotelem
660 1225 722 1265 sic
764 1225 965 1277 explicet,
1008 1229 1053 1266 ut
1094 1229 1220 1275 poeta
1253 1237 1304 1267 ea
1333 1236 1443 1277 quae
1480 1227 1631 1268 deceat
1661 1238 1733 1278 po-

150 1300 396 1349 nusquam
437 1306 546 1346 quae
587 1300 686 1336 sunt
725 1295 910 1336 imitatus
953 1296 1258 1346 excusetur-³¹),
1301 1297 1412 1337 idem
1447 1298 1511 1337 >ad
1543 1297 1734 1337 eiusdem

152 1368 300 1419 capitis
340 1369 377 1419 ξ.
401 1369 424 1407 5
466 1365 509 1405 in
549 1371 781 1416 conspectu
812 1366 994 1416 quodam
1023 1376 1146 1416 quem
1188 1365 1357 1407 exhibet
1397 1366 1613 1412 doctrinae
1644 1366 1733 1406 Ari-

153 1440 358 1482 stoteleae
385 1435 720 1494 haec·ponit'¹):
756 1436 920 1485 „Porro
951 1440 1171 1486 peccatur,
1205 1436 1241 1476 si
1259 1437 1364 1477 falsa
1383 1438 1623 1483 traduntur,
1656 1437 1730 1478 sed

151 1511 213 1552 nti
246 1509 468 1550 decebat.“
530 1508 711 1556 Apparet
743 1506 1023 1547 Hermannum
1055 1505 1293 1555 Hermanno
1325 1511 1584 1558 repugnare,
1615 1505 1731 1548 utin

152 1583 351 1622 alterutro
401 1579 494 1617 loco
535 1577 699 1626 lapsum
742 1576 889 1617 calami
928 1575 967 1616 ei
1008 1588 1203 1617 excuses.
1263 1577 1417 1617 Tamen
1460 1580 1729 1627 quaerentem

151 1658 193 1693 te
221 1648 374 1695 audio,
423 1646 572 1697 quibus
604 1645 687 1686 iste
729 1646 861 1686 oculis
902 1645 1171 1687 Aristotelem
1211 1646 1382 1698 legerit,
1422 1648 1496 1687 abs
1531 1656 1620 1697 -quo
1662 1647 1734 1688 da-

151 1719 284 1762 mnari
312 1722 479 1769 poetam
511 1715 572 1756 sic
600 1716 834 1766 praefracte
862 1715 1117 1765 pronuntiet.
1164 1716 1339 1757 Brevius
1372 1715 1537 1766 quidem
1567 1716 1657 1764 ille,
1689 1720 1736 1756 ut

149 1792 193 1831 in
235 1792 487 1838 conspectu,
534 1785 851 1836 comprehendit
893 1796 1001 1835 quae
1044 1788 1094 1827 ab
1126 1786 1353 1827 Aristotele
1394 1785 1577 1835 pluribus
1619 1789 1736 1825 erant

152 1859 370 1911 exposita;
412 1861 453 1898 at
484 1854 859 1906 comprehendenti
891 1855 1069 1896 alienam
1102 1855 1333 1897 doctrinam
1366 1866 1416 1895 eo
1448 1854 1606 1897 maiore
1638 1866 1735 1895 cura

152 1945 201 1973 ac
240 1929 468 1971 subtilitate
508 1939 613 1977 opus
657 1931 756 1968 erat.
830 1926 1004 1968 Tantum
1037 1931 1176 1968 autem
1219 1928 1360 1978 abest,
1398 1912 1452 1967 ut*
1473 1920 1734 1981 Hermannus

150 2002 360 2053 integrum
401 1996 630 2038 reddiderit
661 1996 951 2043 Aristotelem,
992 2001 1037 2037 ut
1069 2008 1163 2036 eum
1195 2007 1368 2045 prorsus
1407 1995 1449 2034 in
1482 1994 1734 2035 contrarium

153 2067 482 2112 commutaverit.
552 2066 661 2106 Audi
702 2066 826 2106 modo
865 2065 1003 2116 ipsum
1043 2065 1358 2115 philosophum:
1409 2062 1521 2122 πρὸς
1551 2061 1734 2106 δὲ-τού-

149 2157 242 2191 τοις
282 2136 356 2182 ἐὰν
398 2136 673 2192 ἐπιτιμᾶται,
714 2135 782 2179 ὅτι
826 2132 903 2179 οὔκ
943 2131 1109 2188 ἀληθῆ·
1151 2131 1249 2177 ἀλλ’
1293 2129 1368 2177 οἶα
1407 2136 1491 2178 δεῖ·
1533 2129 1632 2177 οἷον
1661 2138 1734 2178 καὶ

149 2207 383 2269 Σοφοκλῆς
410 2208 513 2265 ἔφη,
556 2201 687 2258 αῧτὸς
714 2208 795 2263 μὲν
828 2206 950 2257 οἵους
979 2207 1050 2249 δεῖ
1074 2211 1243 2260 ποιεῖν,
1284 2199 1524 2261 Εὗριπίδην
1562 2202 1617 2247 δ”
1643 2200 1739 2249 οἶοί

150 2282 282 2327 εἶσιν·
316 2278 445 2338 ταύτῃ
477 2278 697 2330 λυτέονω).
752 2279 868 2327 Quae
901 2278 936 2318 si
966 2276 1101 2318 levius
1133 2275 1395 2326 inspexeris,
1430 2275 1586 2316 dixeris
1617 2273 1736 2325 sane,

150 2345 288 2405 neque
329 2350 525 2393 excusari
562 2354 752 2401 poetam,
805 2348 876 2399 qui
920 2359 989 2389 res
1030 2359 1115 2387 non
1155 2358 1278 2388 veras
1318 2346 1394 2387 sed
1435 2356 1540 2397 quas
1589 2346 1737 2387 deceat

244 2506 305 2550 31)
339 2507 363 2540 l.
394 2507 417 2541 l.
453 2516 489 2549 p.
519 2503 598 2537 186.
648 2502 735 2545 „Sin
762 2502 808 2535 ad
834 2502 1019 2536 veritatem
1055 2500 1188 2544 (suppl.
1225 2509 1270 2532 ex
1303 2499 1347 2531 iis
1384 2508 1475 2540 quae
1500 2498 1736 2532 antecedunt:

150 2570 315 2610 spectant
338 2561 614 2608 impossibilia),
648 2572 689 2594 eo
716 2560 873 2605 (suppl.:
912 2563 1129 2592 excusantur
1152 2557 1318 2601 poetae),
1357 2557 1452 2598 quod
1476 2563 1652 2590 summam
1676 2557 1735 2589 ab·

151 2624 362 2657 solutionem
388 2620 587 2656 consectari
614 2619 780 2653 debent.“

247 2681 306 2724 32)
343 2681 428 2715 ibid.
456 2692 491 2725 p.
515 2680 592 2715 179.

246 2739 307 2782 33)
345 2739 444 2779 Quod
471 2739 615 2772 distinxi
642 2738 779 2776 locum,
818 2741 989 2770 commate
1023 2737 1156 2769 maiore
1181 2739 1263 2779 post
1288 2729 1410 2774 ἀληθῆ
1436 2732 1629 2775 eodemque
1655 2739 1735 2777 post

149 2796 208 2833 δεῖ
222 2798 431 2842 interposito
443 2822 453 2839 ‚
480 2797 716 2830 Hermannum
736 2801 880 2839 secutus
898 2806 997 2829 sum:
1020 2795 1099 2837 qui,
1125 2804 1203 2828 cum
1222 2795 1318 2828 recte
1337 2792 1595 2836 interpunxerit
1612 2790 1735 2831 verba,

151 2858 330 2901 quomodo
355 2857 390 2890 in
414 2866 557 2900 pravam
584 2856 908 2900 interpretationem
940 2855 1108 2898 delapsus
1134 2855 1201 2894 sit,
1228 2853 1287 2887 vix
1312 2851 1492 2894 intellego.
