1843 3058
148 43 214 92 50

147 172 231 212 lam
247 169 550 213 Franckianam
583 183 748 223 gnavae
777 170 911 222 ipsius
941 171 1175 213 industriae
1206 177 1248 213 et
1279 171 1496 213 doctrinae
1522 172 1726 223 elegantis

148 247 365 291 expertem
398 253 497 282 esse
527 253 681 292 passus
701 247 801 292 .est;
847 242 926 281 hos
964 253 1088 292 porro
1131 241 1201 292 qui
1229 241 1363 292 ipsam
1403 242 1588 283 scholam
1620 242 1726 283 Lati-

146 322 244 351 nam
302 315 461 362 augent
515 310 654 351 adhuc
699 311 839 352 studio
890 311 1108 352 indefesso
1155 322 1205 351 ac
1248 317 1517 361 promovent,
1575 312 1724 353 Henr.

146 378 479 428 Fischemm,
509 379 1356 434 Franc.Oehlerum‚,Arnoldium
1389 380 1525 432 (cuius
1558 382 1726 423 fratrem

147 454 414 500 praematura
451 455 587 491 morte
616 456 804 500 ereptum
836 451 1027 491 dolemus
1074 450 1311 501 quicunque
1343 455 1515 490 strenua
1544 450 1635 490 eius
1667 451 1726 491 di-

150 518 327 569 sciplina
367 531 417 560 ac
457 519 616 561 sollerti
658 518 874 561 doctrinae
905 530 1063 571 genere
1094 530 1179 559 non
1216 518 1334 560 inviti
1365 531 1509 560 sumus
1543 519 1727 574 eruditi),

150 587 580 636 Scheuerlinum‚
601 589 876 631 Weberum
904 588 1190 639 professorem
1210 587 1562 636 mathematicum,
1579 588 1729 630 Lieb-

150 670 416 709 mannum,
455 658 594 709 ipsum
625 658 809 710 denique
841 658 911 709 qui
949 658 1135 699 scholam
1166 659 1406 699 moderatur
1434 658 1476 698 F.
1510 660 1558 698 A.
1590 657 1729 699 Eck-

153 727 294 769 stein
348 732 665 778 praeceptorem
721 727 1042 775 suavissimum,
1096 727 1230 768 virum
1284 727 1636 768 humanissimum
1687 732 1730 769 et

151 797 308 848 optime
339 798 394 839 de
423 809 491 839 me
521 798 725 839 meritum.

268 879 354 918 Iam
396 878 625 920 instructus
671 877 914 919 testimonio
969 877 1218 919 maturitatis
1267 878 1442 930 migravi
1487 877 1530 918 in
1578 878 1730 918 almam

151 947 501 995 Fridericianam,
550 947 669 988 cujus
712 947 870 988 civibus
913 948 1147 997 adscriptus
1196 960 1287 987 sum
1327 947 1462 997 pridie
1500 947 1587 986 Kal.
1630 947 1730 985 Nov.

153 1016 255 1058 anni
284 1016 558 1057 MDCCCLIV.
595 1021 760 1057 rectore
798 1015 1021 1069 magnifico
1059 1015 1288 1057 Henrico
1331 1017 1448 1057 Leo.
1508 1015 1728 1057 Professus

154 1098 314 1140 genera
352 1087 585 1128 studiorum
622 1085 907 1138 theologicum
945 1092 986 1127 et
1014 1086 1311 1139 philologicum
1341 1085 1532 1127 Virorum
1563 1086 1732 1127 Summe

153 1157 499 1198 venerandorum
523 1155 838 1204 Tholuckii,
870 1156 1163 1207 Hupfeldii,
1197 1157 1462 1205 Muelleri,
1493 1156 1731 1204 Jacobii,

154 1226 326 1268 Mollii
362 1226 519 1267 scholis
554 1225 747 1273 interfui,
795 1226 1019 1267 seminario
1067 1226 1192 1267 etiam
1242 1226 1463 1278 exegetico
1501 1226 1546 1265 N.
1577 1226 1623 1267 T.
1665 1226 1733 1265 cui

154 1300 326 1347 praeest
354 1294 611 1336 Tholuckius
642 1295 714 1335 Vir
744 1294 786 1335 S.
818 1296 866 1335 V.
904 1307 980 1346 per
1019 1295 1233 1337 biennium
1272 1295 1506 1346 adscriptus
1548 1296 1731 1346 sodalis;

155 1366 417 1418 philosophis
448 1370 587 1406 autem
619 1377 790 1415 operam
822 1366 921 1406 dedi
952 1365 1060 1405 Viris
1090 1365 1384 1407 Illustris‘simis
1425 1366 1562 1406 hisce:
1602 1364 1734 1405 Erd-

156 1448 372 1488 manno,
433 1434 736 1485 Schallero,
799 1435 983 1483 Leoni,
1050 1435 1396 1488 Bernhardyo
1457 1436 1735 1487 potissimum,

157 1505 313 1547 deinde
353 1504 611 1557 Bergkio,
659 1505 853 1553 Keilio,
903 1504 1149 1546 Zachero.
1239 1504 1458 1546 Seminarii
1495 1505 1739 1557 philologici

158 1575 530 1617 exercitationibus
548 1587 652 1627 quas
670 1577 995 1618 moderabantur
1011 1576 1041 1615 B
1054 1574 1280 1616 ernhard
1294 1588 1390 1628 yus
1417 1580 1459 1617 et
1472 1575 1735 1628 Bergkius

157 1647 234 1685 Vv.
264 1645 323 1684 Ill.
355 1656 430 1695 per
459 1644 685 1685 triennium
714 1645 885 1686 interfui
915 1646 1088 1686 sodalis.
1139 1645 1329 1697 Denique
1360 1645 1605 1697 magistrum
1635 1644 1737 1685 artis

156 1715 445 1765 historiaeque
493 1715 811 1768 paedagogicae
852 1721 893 1757 et
932 1715 973 1755 in
1025 1715 1179 1756 scholis
1220 1721 1263 1756 et
1307 1716 1351 1756 in
1401 1715 1625 1757 seminario
1662 1727 1739 1767 per

160 1798 295 1825 annos
344 1786 453 1825 duos
495 1791 537 1826 et
573 1786 790 1826 dimidium
842 1787 952 1826 colui
990 1787 1039 1825 V.
1068 1786 1125 1825 lll.
1158 1785 1469 1827 Kramerum.
1544 1787 1630 1827 Iam
1671 1778 1737 1826 his

159 1855 259 1896 viris
293 1855 484 1896 omnibus
517 1854 588 1905 qui
619 1856 812 1896 doctrina
842 1868 920 1896 sua
950 1868 1000 1896 ac
1031 1854 1250 1905 disciplina
1281 1855 1421 1896 studia
1451 1867 1545 1896 mea
1573 1860 1739 1896 susten-

158 1930 299 1965 tarunt
328 1924 504 1976 gratiam
533 1930 579 1965 ut
609 1937 677 1966 me
707 1925 862 1966 habere
891 1925 1112 1975 profiteor,
1142 1925 1202 1966 ita
1232 1925 1381 1966 melius
1411 1925 1454 1965 in
1486 1926 1578 1966 dies
1613 1936 1736 1975 spero

159 2006 228 2035 me
259 2005 357 2035 esse
389 1995 628 2038 relaturum.

277 2073 520 2115 Studiorum
550 2079 690 2115 autem
722 2079 886 2125 tempus
929 2076 1041 2125 quod
1071 2074 1114 2114 in
1145 2074 1362 2116 academia
1392 2086 1642 2115 concessum
1674 2069 1739 2115 est

160 2144 230 2186 vix
261 2147 370 2186 bene
402 2155 627 2196 exegeram
666 2156 777 2184 anno
810 2145 1142 2192 MDCCCLVHL,
1187 2156 1281 2184 cum
1312 2156 1337 2184 a
1368 2144 1515 2185 Kram
1530 2156 1616 2185 ero
1650 2144 1738 2183 viro

159 2213 443 2253 illustrissimo
476 2217 517 2253 et
549 2214 730 2265 benigne
758 2224 834 2264 pro
867 2224 934 2253 me
966 2213 1144 2254 sollicito
1176 2212 1278 2252 mihi
1308 2213 1548 2254 mandatum
1576 2216 1661 2261 est,
1693 2216 1739 2253 ut

160 2295 317 2334 pueros
361 2283 405 2323 in
450 2282 719 2336 Paedagogio
762 2283 894 2335 Regio
941 2285 1149 2325 elementa
1192 2284 1427 2334 linguarum
1476 2283 1738 2333 antiquarum

161 2354 376 2392 docerem:
419 2363 501 2401 qua
528 2352 570 2391 in
601 2353 747 2393 schola
786 2353 1057 2402 sesquienuio
1097 2358 1192 2403 post
1226 2352 1422 2393 vicarium
1462 2364 1537 2403 pro
1577 2353 1739 2403 collega

160 2422 329 2473 suscepi
358 2434 533 2470 munus,
567 2434 648 2474 quo
681 2423 918 2464 etiamnunc
946 2423 1111 2475 fungor.
