1843 3058
1633 82 1697 134 39

127 219 259 273 ipsius
307 215 399 256 eius
448 210 560 263 quod
608 209 914 251 commendavit
954 207 1261 266 διαπεπλιχιός.
1328 210 1442 252 Idem
1467 222 1567 253 vero
1607 223 1701 253 cum

128 293 255 341 neget
301 282 469 325 omnino
517 280 676 321 austeri
725 280 950 331 quidquam
999 285 1070 320 aut
1109 285 1354 332 argumenta
1392 282 1601 334 aliquanto
1649 282 1700 322 ri-

127 356 291 412 gidiora
337 352 378 392 in
426 347 647 401 Sophoclis
704 348 934 401 tragoediis
984 349 1178 400 reperiri,
1242 355 1380 392 tamen
1434 363 1516 391 non
1568 352 1703 403 potuit

128 426 227 480 quin
267 423 507 474 Antigonae
554 419 818 470 potissimum
866 419 906 459 in
952 432 1131 461 censura
1171 433 1261 462 eam
1304 421 1531 474 imaginem
1581 422 1700 465 nobis

126 497 343 541 informet,
404 491 522 532 cuius
571 490 797 530 nonnullae
853 495 993 540 partes
1040 502 1169 541 prope
1224 491 1358 532 absint
1407 494 1458 533 ab
1498 492 1592 543 ipso
1631 493 1700 533 illo

126 577 248 619 quem
279 561 427 604 sentiri
468 564 594 611 negat
633 558 773 611 rigore
816 564 999 625 {PEQ'Q
1072 560 1375 602 Commemorat
1404 562 1515 602 enim
1546 564 1600 603 de
1633 575 1702 603 na-

126 640 218 676 tura
248 632 339 673 eius
372 628 617 681 tragoediae
659 628 873 669 severiore
904 634 945 669 et
975 629 1096 681 quasi
1131 630 1362 679 pathetica,
1402 641 1508 681 quae
1539 637 1581 672 et
1610 632 1703 681 ipsa

128 714 257 745 caus-a
286 699 410 741 suerit
441 698 648 741 sermonis
689 698 760 739 alti
790 698 926 749 pressi
956 698 1189 746 artificiosi,
1233 700 1287 741 de
1316 701 1591 752 repugnantia
1628 701 1702 742 ho-

126 772 283 813 minum
302 770 509 821 utrimque
531 768 610 810 sibi
641 768 997 817 adversariorum,
1028 781 1203 820 quorum
1229 770 1324 811 alibi
1342 781 1547 822 nusquam
1565 772 1702 812 acrius

127 843 181 884 sit
209 841 413 882 intentum
445 843 681 887 certamen,
713 840 767 880 de
797 838 998 889 pertinaci
1028 839 1200 891 virginis
1221 840 1446 882 insolentia
1466 853 1573 893 quae
1597 843 1705 884 ultra

128 913 297 953 modum
335 922 385 950 ac
423 914 609 950 naturam
649 910 884 959 procedens
924 909 1122 950 divinitus
1166 910 1286 961 quasi
1324 910 1526 952 offirmata
1564 911 1701 953 videa·

126 980 264 1036 tui-⁹¹).
326 980 476 1021 Verum
515 978 656 1029 specie
698 983 855 1020 tantum
898 985 1153 1032 repugnant,
1205 992 1312 1032 quae
1353 986 1465 1021 recte
1494 981 1703 1023 intellecta

128 1052 284 1102 optime
314 1050 423 1092 inter
455 1061 503 1091 se
535 1050 799 1091 conveniunt.
848 1050 936 1090 Non
969 1050 1077 1090 enim
1110 1052 1162 1091 ad
1194 1050 1371 1102 rigidam
1401 1052 1701 1101 austeritatem,

127 1122 204 1162 sed
235 1121 287 1161 ad
319 1120 537 1162 sublimem
565 1121 775 1172 quandam
805 1120 1071 1161 severitatem
1103 1120 1297 1162 dicuntur
1326 1121 1558 1171 pertinere,
1596 1134 1703 1174 quae

127 1196 301 1232 naturae
331 1192 438 1232 fines
472 1192 679 1232 excedere
709 1189 1008 1245 videantur-⁹¹).
1056 1191 1198 1242 Neque
1223 1191 1319 1231 huic
1341 1192 1491 1232 rationi
1509 1193 1702 1244 equidem

125 1262 404 1310 adversabor,
449 1262 541 1302 sed·
560 1260 748 1313 quamvis
782 1261 1009 1305 verendum
1041 1260 1094 1301 sit
1125 1265 1169 1301 ut
1198 1272 1413 1310 perperam
1443 1260 1704 1302 intellexisse

126 1330 260 1378 dicar,
303 1329 546 1381 significabo
588 1335 726 1372 tamen
765 1330 808 1370 id
847 1331 959 1381 quod
1003 1329 1264 1371 intellexisse
1302 1329 1403 1369 mihi
1442 1330 1608 1375 videor,
1650 1340 1702 1368 ne

127 1398 351 1452 Bergkium
384 1400 574 1452 quidem,
622 1399 692 1453 qui
723 1400 985 1441 adversarias
1017 1404 1132 1441 tenet
1161 1403 1325 1449 partes,
1367 1399 1566 1451 rigidiora
1595 1412 1703 1453 quae

219 1588 282 1632 91)
317 1588 404 1622 ibid·-
431 1581 569 1631 p.‘317:
604 1587 681 1629 „Es
706 1587 766 1629 lag
791 1588 839 1620 im
866 1587 1065 1621 erliabenen
1090 1586 1158 1621 Stil
1181 1588 1299 1621 dieses
1323 1587 1452 1621 Drama
1478 1588 1550 1622 und
1575 1589 1610 1622 in
1637 1590 1704 1623 sei-

125 1658 187 1681 ner
212 1653 432 1689 strengen
460 1643 795 1689 pathetisclien
822 1644 1102 1688 Stimmung,
1142 1645 1226 1678 dass
1253 1645 1316 1678 der
1342 1645 1590 1679 Ausdruck
1618 1647 1708 1680 ties

125 1706 401 1750 gedrungen
440 1704 528 1738 und
553 1703 793 1738 kiinstlich
818 1703 946 1738 war.“
971 1722 1017 1728 -
1057 1703 1144 1738 ibid.
1171 1715 1207 1748 p.
1226 1703 1317 1739 319:
1354 1703 1497 1749 ‚,Soph.
1523 1705 1584 1739 hat
1609 1706 1705 1739 nir-

125 1764 270 1807 gends
305 1764 380 1796 die
416 1761 750 1806 principiellen
787 1762 1082 1805 Gegensatze
1117 1763 1318 1795 sti-affer
1350 1764 1594 1807 ringelem,
1632 1765 1704 1798 und

124 1822 316 1858 hier-durch
357 1822 455 1856 ihren
497 1821 626 1856 beiden
664 1821 820 1865 Tragern
861 1822 961 1855 mehr
992 1822 1044 1855 als
1078 1826 1179 1856 sonst
1219 1822 1321 1856 einen
1357 1822 1494 1857 idealen
1526 1822 1596 1858 fast
1628 1824 1704 1857 ab·

124 1887 338 1916 stracten
368 1881 457 1914 und
482 1881 737 1925 typischen
764 1881 1019 1915 Character
1046 1881 1159 1915 nach
1187 1884 1266 1914 Art
1299 1883 1428 1916 einer
1452 1882 1605 1916 Mnske
1631 1884 1705 1916 aus·

125 1941 312 1987 gedriickt.
338 1974 341 1977 ,
372 1939 469 1973 Doch
507 1948 571 1972 am
609 1938 883 1972 schiirfsten
922 1940 1011 1973 und
1050 1941 1295 1974 liitrtesten
1334 1941 1414 1974 der
1446 1942 1703 1985 Antigone,

125 2000 231 2033 deren
256 1998 386 2032 Wesen
412 1997 564 2031 ohneliin
590 1996 646 2029 ein
684 1997 1014 2031 damoniseher
1041 1998 1280 2032 Grundton
1308 1998 1538 2034 durehzittert
1564 2004 1631 2032 etc.
1658 2018 1702 2023 —

124 2057 293 2093 Similiter
330 2056 357 2091 Ο
372 2056 555 2100 edipnm
595 2055 761 2099 Regem
798 2054 1046 2100 Bernhardyus
1085 2055 1195 2090 semel
1233 2056 1389 2101 appellat
1419 2068 1455 2101 p.
1486 2058 1574 2092 322:
1615 2058 1701 2100 „ein

125 2115 366 2150 schrofi'es
400 2114 842 2160 Intriguenstiick“:
885 2125 1118 2157 quamquam,
1158 2125 1200 2147 ne
1234 2115 1316 2149 huie
1349 2115 1482 2149 iudicio
1517 2115 1620 2149 nimis
1653 2117 1703 2149 in-

124 2176 312 2216 sistamus,
348 2175 479 2208 maiore
513 2174 622 2208 etiam·
644 2173 748 2208 laude
774 2173 917 2208 effertur
940 2173 1090 2208 sublime
1124 2174 1199 2208 eius
1225 2173 1363 2209 fabulae
1387 2174 1593 2218 consilium,
1620 2179 1704 2220 apta

124 2234 321 2278 argumenti
346 2233 557 2278 dispositio,
599 2237 770 2268 moratum
806 2232 956 2276 deniqne
982 2242 1095 2276 genus
1128 2233 1163 2266 iu
1189 2234 1349 2277 personis
1375 2233 1629 2268 describendis.
1657 2252 1703 2258 —

123 2293 229 2327 Porro
263 2293 297 2325 in
334 2292 472 2326 Aiace
510 2292 656 2325 miratur
693 2292 754 2324 Vir
775 2291 1040 2325 illustrissimus
1069 2293 1247 2325 immotam
1285 2291 1502 2326 fortunarum
1536 2302 1577 2325 ac
1611 2293 1702 2326 vitae

124 2351 419 2399 contemptionem
455 2361 489 2395 p.
515 2349 583 2385 331
622 2349 726 2394 infr„
770 2354 874 2393 atque
904 2349 1010 2385 finem
1041 2350 1244 2394 tragoediae
1288 2351 1354 2384 etsi
1387 2351 1625 2385 necessarium
1662 2361 1703 2385 ac

124 2410 360 2455 Sophocleum
395 2414 533 2450 tuetur,
569 2414 687 2444 tamen
719 2410 884 2444 acerbum
910 2416 946 2444 et
970 2410 1151 2444 dissonum
1179 2414 1213 2444 et
1238 2410 1387 2445 orationi
1425 2409 1556 2444 sorensi
1589 2411 1702 2454 magis

124 2478 229 2511 qnam
253 2469 392 2514 poetico
417 2468 569 2502 sermoni
595 2473 784 2512 cognatum
811 2478 891 2501 esse
918 2468 1080 2502 concedit
1105 2478 1140 2512 p.
1161 2467 1239 2503 335.
1267 2485 1313 2491 —-
1351 2467 1445 2508 Quae
1478 2467 1611 2502 iudicia
1635 2469 1702 2503 etsi

124 2527 279 2562 concedo
304 2536 374 2562 non
397 2536 595 2571 repugnare
619 2525 711 2560 inter
734 2536 785 2568 se,
812 2536 891 2560 cum
917 2526 962 2560 ad
989 2525 1144 2560 diversas
1169 2530 1290 2570 partes
1316 2526 1533 2570 pertineant:
1559 2526 1628 2561 hoo
1653 2532 1702 2562 ta-

124 2596 203 2622 men
236 2586 315 2631 ipsa
348 2596 367 2633 e
404 2584 590 2629 disciplina
625 2585 784 2629 magistri
817 2584 954 2618 efficere
990 2584 1170 2628 cogimur,
1207 2584 1325 2618 inesse
1350 2585 1386 2617 in
1408 2584 1465 2618 his
1490 2585 1619 2619 fabulis
1643 2596 1704 2630 pe-

124 2644 255 2681 culiare
289 2644 466 2688 quoddam
492 2652 604 2689 genus
637 2648 672 2677 et
704 2643 797 2686 quod
832 2642 1010 2677 diversum
1043 2652 1287 2687 nonnusquam
1323 2649 1445 2685 sonet,
1484 2644 1550 2679 etsi
1576 2648 1703 2689 poetae

122 2692 241 2736 virtuti
268 2705 424 2748 tragicae
449 2703 591 2737 minime
615 2703 755 2736 officiat.

217 2771 278 2816 92)
305 2773 359 2810 cf.
386 2784 421 2819 p.
449 2774 539 2809 304:
573 2773 664 2817 „die
690 2773 952 2807 Meisterwerke
979 2772 1041 2807 des
1068 2772 1183 2808 hohen
1210 2773 1281 2807 und
1307 2778 1552 2818 strengen‚
1592 2773 1702 2806 aber

123 2830 498 2874 idealeirsstils‘ss
533 2837 567 2867 et
588 2843 624 2877 p.
652 2832 719 2867 317
746 2832 790 2865 de
817 2833 1015 2877 Antigona:
1049 2832 1126 2875 „Es
1161 2832 1218 2876 lag
1254 2833 1301 2866 im
1338 2833 1599 2867 erhabenen
1634 2830 1699 2865 Stil

124 2889 242 2925 dieses
267 2891 439 2934 Drama“,
468 2896 503 2926 et
528 2902 618 2935 qnae
643 2895 838 2935 sequuntur
862 2903 893 2927 v.
923 2902 954 2925 n.
980 2891 1038 2927 91.
