1843 3058
754 723 1096 801 VITA.

277 918 470 997 Carolus
501 951 706 1005 Georgius
737 952 946 993 Gustavus
978 950 1174 993 Weicker
1204 950 1358 1002 Oppaci
1388 949 1429 992 in
1461 950 1552 992 vico
1583 951 1709 994 Lusa-

136 1028 220 1068 tiae
257 1023 485 1075 superioris
516 1027 635 1072 patre
666 1021 814 1063 carolo
846 1021 1078 1062 Gustavo
1111 1021 1302 1071 Adolpho
1334 1022 1381 1060 V.
1412 1020 1461 1060 D.
1493 1023 1546 1062 ad
1576 1022 1707 1072 Oppa-

137 1108 265 1137 cenos
298 1092 512 1140 ministro,
555 1097 686 1132 matre
718 1091 876 1132 Luisa
916 1103 1023 1141 quae
1051 1091 1135 1132 filia
1168 1092 1303 1131 fuerat
1334 1089 1509 1131 Joannis
1542 1091 1710 1143 Georgii

137 1163 386 1218 Schmohl
418 1162 604 1202 Gibicum
634 1160 881 1207 incolentis,
913 1166 1035 1201 natus
1069 1172 1161 1200 sum
1194 1160 1291 1200 anni
1320 1160 1360 1199 h.
1389 1173 1423 1200 s.
1452 1160 1642 1200 XXXVII.
1668 1163 1708 1201 d.

134 1232 271 1273 XXIII.
301 1244 356 1274 m.
390 1230 574 1272 Januarii
615 1235 657 1271 et
693 1230 736 1270 in
766 1229 987 1271 ecclesiam
1017 1235 1211 1280 receptus
1244 1229 1531 1282 evangelicam
1566 1235 1607 1271 et
1631 1242 1707 1281 per

136 1300 463 1356 quinquennium
502 1302 591 1342 fere
638 1301 853 1342 educatus.
929 1299 1049 1340 Patre
1093 1301 1261 1340 orbatus
1299 1312 1386 1340 una
1435 1312 1528 1341 cum
1577 1306 1708 1341 matre

133 1372 410 1422 fratribusque
439 1370 663 1411 Budissam
694 1369 868 1422 migravi
898 1369 1037 1421 ibique
1066 1369 1109 1409 in
1142 1370 1288 1411 schola
1328 1370 1538 1421 oppidana
1564 1370 1707 1421 primis

132 1441 360 1481 litterarum
400 1439 618 1480 elementis
657 1452 751 1480 sum
788 1439 1018 1480 institutus.
1097 1440 1198 1480 Inde
1235 1452 1336 1480 vero
1374 1445 1506 1480 matre
1547 1445 1710 1481 mortua

135 1522 245 1550 anno
268 1510 309 1548 h.
327 1522 361 1549 s.
379 1508 586 1548 XXXXIII.
619 1508 775 1550 Halas
804 1510 1010 1550 deductus
1032 1521 1125 1549 sum
1150 1509 1192 1549 in
1214 1510 1384 1549 domum
1404 1509 1707 1556 Kirchneri,

133 1579 370 1631 quaestoris
397 1578 632 1619 scholarum
664 1578 706 1618 in
738 1579 913 1620 aedibus
945 1578 1216 1620 Franckianis
1246 1580 1588 1633 vernacularum,
1633 1580 1704 1632 qui

133 1653 399 1689 materteram
429 1659 566 1687 meam
595 1647 721 1695 habet
758 1648 799 1686 in
841 1648 1130 1695 matrimonio,
1172 1654 1214 1689 et
1242 1660 1317 1699 per
1349 1654 1542 1700 quattuor
1571 1661 1706 1690 annos

130 1719 224 1758 loco
247 1717 318 1756 filii
336 1716 475 1757 abillo
498 1715 688 1763 habitus,
719 1717 890 1758 scholae
921 1722 1061 1758 autem
1090 1718 1267 1759 traditus
1296 1718 1464 1759 aedium
1483 1717 1703 1759 Franckia-

131 1798 277 1826 narum
307 1787 571 1827 vernaculae.
618 1785 724 1826 Dein
758 1798 855 1827 vero
887 1798 997 1826 anno
1028 1787 1070 1825 h.
1099 1800 1133 1827 s.
1165 1786 1391 1827 XXXXVII.
1425 1787 1465 1827 in
1499 1788 1704 1837 orphano-

133 1855 339 1909 trophium
377 1855 562 1896 Halense
603 1860 772 1905 recepto
812 1856 985 1907 contigit
1026 1856 1127 1895 mihi
1158 1868 1234 1906 per
1264 1855 1466 1897 beneficia
1495 1858 1546 1898 ab
1577 1859 1626 1897 A.
1657 1858 1703 1899 H.

131 1925 318 1967 Francke
357 1927 480 1967 beato
521 1925 609 1966 viro
660 1925 896 1977 largissime
934 1926 1146 1975 instituta,
1194 1931 1240 1967 ut
1281 1931 1442 1977 septem
1487 1940 1623 1969 annos
1664 1935 1706 1971 et

132 1986 347 2036 dimidium
385 2008 478 2036 cum
519 1996 720 2036 educarer
760 2007 859 2035 cura
898 1996 1074 2046 provida
1113 2000 1200 2036 tum
1240 1996 1439 2052 ampliore
1477 1997 1706 2040 litterarum

131 2065 320 2106 doctrina
348 2064 602 2105 instituerer.
671 2062 895 2115 Postquam
936 2065 1047 2106 enim
1078 2070 1293 2115 promotus
1335 2078 1428 2105 sum
1459 2078 1570 2107 anno
1601 2068 1641 2107 h.
1671 2082 1704 2108 s.

129 2127 374 2174 XXXXVIII.
406 2134 449 2174 in
482 2133 668 2175 scholam
687 2133 896 2183 Latinam,
928 2146 1003 2185 per
1034 2146 1169 2175 annos
1202 2146 1279 2175 sex
1310 2146 1361 2175 ac
1390 2135 1605 2178 dimidium
1637 2150 1700 2179 or-

131 2203 250 2244 dines
281 2216 307 2244 a
337 2204 480 2255 quinto
511 2214 647 2253 usque
679 2204 731 2244 ad
762 2203 939 2254 primum
969 2204 1168 2254 percurri.

245 2284 333 2325 Hoc
372 2289 512 2327 autem
550 2289 737 2336 tempore
776 2285 1116 2337 praeceptoribus
1157 2296 1262 2325 usus
1303 2296 1394 2325 sum
1425 2284 1523 2327 viris
1562 2286 1705 2331 huma-

116 2347 315 2394 vnissimis
348 2355 418 2406 qui
446 2355 488 2394 in
520 2355 633 2394 omni
660 2367 818 2406 genere
846 2356 1095 2404 litterarum,
1131 2366 1304 2404 quarum
1329 2360 1393 2395 est
1412 2355 1452 2394 in
1474 2359 1706 2407 gymnasiis

131 2422 372 2474 disciplina,
405 2426 677 2467 fundamenta
708 2425 843 2467 solida
872 2425 1084 2473 iecerunt,
1126 2437 1231 2477 quos
1272 2424 1435 2475 publica
1474 2427 1702 2478 gratiarum

132 2493 296 2535 actione
328 2500 369 2536 et
400 2496 521 2536 decet
549 2495 748 2546 prosequi
780 2500 821 2536 et
850 2495 978 2536 iuvat.
1036 2496 1155 2535 Colui
1183 2501 1320 2535 autem
1349 2500 1515 2544 praeter
1542 2502 1706 2538 ceteros

132 2561 253 2602 God.
285 2564 588 2605 Boehmium
629 2564 699 2616 qui
740 2576 850 2605 nunc
889 2564 1097 2617 gymnasii
1142 2563 1453 2605 Tremoniensis
1493 2573 1706 2615 prorector

133 2633 383 2675 constitutus
414 2639 502 2682 est,
535 2634 675 2675 Theo
691 2634 729 2674 d.
751 2634 1080 2684 Rumpelium
1112 2634 1320 2686 gymnasii
1340 2635 1570 2686 evangelici
1594 2636 1703 2677 illius

132 2703 242 2748 quod
273 2708 339 2744 est
368 2704 411 2744 in
431 2704 702 2754 Guestphalia
732 2704 1004 2751 directorem,
1036 2704 1157 2745 Rob.
1181 2704 1423 2744 Geierum
1455 2704 1703 2746 directorem

131 2773 338 2820 gymnasii
377 2773 720 2827 Bugenhagiani,
768 2762 1014 2815 Ottonem
1054 2774 1440 2815 Nasemannum
1481 2774 1551 2825 qui
1589 2779 1700 2825 post-

134 2848 258 2886 quam
288 2844 507 2895 utriusque
537 2844 747 2896 gymnasii
775 2844 969 2884 Halensis
1002 2845 1217 2885 scholares
1252 2848 1293 2884 et
1323 2843 1523 2884 historiae
1563 2845 1701 2884 studio

130 2906 274 2952 imbuit
305 2918 346 2954 et
378 2913 550 2956 caritate
581 2915 733 2956 multos
766 2914 845 2956 sibi
873 2914 1083 2962 devinxit,
1116 2926 1169 2955 ne
1200 2913 1363 2955 tertiam
1392 2912 1557 2962 quidem
1582 2913 1702 2952 scho-
