1843 3058
133 228 230 271 dicii
259 237 340 267 non
373 224 576 264 habemus
616 220 686 271 qui
724 220 779 261 sit
800 220 998 271 >optimus
1037 221 1242 272 interpres
1282 221 1419 272 ipsum
1459 227 1627 271 poetam
1658 223 1713 263 de

133 303 221 341 arte
244 295 553 349 disserentem,
597 289 650 330 ad
682 300 757 330 eos
791 290 1116 343 confugiendum
1151 296 1238 339 est,
1272 290 1342 341 qui
1371 291 1505 341 ipsius
1535 292 1713 342 proximi

133 371 243 408 sunt.
303 364 485 413 Apparet
523 364 688 406 autem,
728 359 1002 410 propinquam
1043 372 1142 402 esse
1184 373 1232 401 ac
1262 361 1350 401 fere
1391 362 1606 411 aequalem
1638 362 1711 402 So-

131 434 269 488 phocli
299 430 537 474 Aristotelis
571 427 608 470 si
638 440 723 469 non
755 434 954 480 aetatem,
994 436 1107 471 certe
1139 429 1413 471 sententiam:
1467 429 1712 482 Exemplum

133 510 292 553 autem,
335 514 418 554 quo
452 501 641 540 firmaret
680 499 932 541 sententiam
986 512 1247 541 communem
1295 500 1427 551 ipsius
1469 507 1510 542 et
1552 501 1713 551 Sopho-

133 576 229 624 clis,
270 585 361 615 vnon
407 571 541 622 potuit
589 569 838 612 Aristoteles
887 570 983 622 quin
1027 583 1078 611 eo
1125 582 1255 612 sensu
1303 571 1492 622 accipere
1527 572 1606 613 sibi
1655 572 1713 612 vi-

133 648 322 689 deretur,
353 653 436 693 quo
465 632 593 691 poeta
621 640 949 690 pronuntiasset.
1004 641 1123 689 Quod
1158 640 1238 681 etsi
1267 641 1387 682 nobis
1420 653 1473 682 ex
1504 642 1711 683 contrario

132 715 288 754 diserte
319 722 514 752 asserere
544 722 626 750 non
659 710 803 757 liceat,
835 722 881 751 re
913 723 1011 751 vera
1041 711 1173 751 fuisse
1203 710 1423 761 Sophoclis
1464 712 1566 752 illud
1598 712 1708 752 voci-

129 782 301 825 ferantis
352 782 529 822 eandem
575 785 756 822 mentem
807 791 929 832 quarn
970 782 1209 822 Aristotelis
1248 781 1512 832 recipientis,
1558 787 1710 827 tamen,

132 852 328 903 quoniam
357 850 631 901 locupletiore
663 862 850 891 caremus
890 851 1140 901 interprete,
1172 850 1427 892 tutissimum
1458 852 1640 892 manebit
1668 852 1709 891 in

131 922 367 965 Aristotelis
383 921 634 972 Sophoclem
662 922 865 962 tradentis
892 922 1183 963 auctoritatem
1209 923 1458 963 concedere.
1504 923 1542 962 Is
1574 927 1712 963 autem

129 1000 176 1036 ut
206 992 446 1034 consentire
477 992 556 1032 sibi
588 992 749 1033 videtur
777 1004 867 1032 cum
900 991 1130 1042 Sophocle,
1163 992 1221 1033 ita
1251 993 1364 1033 unde
1394 992 1494 1033 illud
1531 987 1628 1034 οἷον
1649 994 1720 1034 δεῖ

130 1064 380 1115 explicetur,
424 1063 551 1103 multa
579 1073 656 1112 per
684 1067 817 1103 totum
857 1063 911 1103 de
950 1068 1039 1103 arte
1080 1062 1247 1112 poetica
1285 1063 1433 1103 librum
1460 1062 1710 1113 suppeditat.

130 1134 217 1174 Hoc
253 1133 380 1185 igitur
427 1132 537 1172 duce
577 1121 771 1181 utemur,
822 1136 862 1173 et
903 1132 1106 1182 quamvis‘
1140 1133 1358 1173 doleamus
1409 1133 1521 1182 quod
1568 1142 1710 1172 veram

127 1203 261 1254 ipsius
299 1202 519 1253 Sophoclis
572 1202 825 1244 sententiam
879 1203 991 1242 nulla
1047 1202 1216 1243 omnino
1263 1201 1408 1243 relicta
1455 1202 1712 1243 dubitatione

131 1283 389 1324 nequeamus
428 1272 659 1323 dispicere,
710 1277 847 1313 tamen
899 1282 1021 1322 quam
1060 1272 1252 1322 proxime
1296 1284 1442 1312 verum
1480 1272 1714 1313 videbimur

131 1344 253 1385 nobis
292 1342 478 1384 assecuti
514 1355 635 1391 esse,
675 1343 746 1383 ubi
790 1343 889 1394 quid
921 1343 1170 1384 Aristoteles
1211 1343 1465 1384 intellexerit
1508 1337 1606 1386 οἷον
1647 1344 1719 1385 δεῖ

131 1413 504 1465 explanayen‘mus.

204 1512 206 1514 >
244 1494 462 1547 Proposita
500 1500 637 1538 autem
687 1498 775 1537 erat
818 1494 1008 1549 quaestio
1022 1494 1092 1546 ³⁷),
1132 1500 1271 1537 utrum
1310 1495 1338 1536 ii
1383 1508 1520 1537 mores
1564 1497 1710 1547 quales

129 1571 297 1616 poetam
325 1566 486 1616 fingere
517 1566 663 1605 deceat
694 1564 819 1620 (δεῖ),
850 1566 1196 1616 intellegerentur
1235 1565 1480 1606 conformati
1520 1578 1618 1606 esse
1658 1568 1709 1606 ad

128 1634 410 1677 universalem
451 1633 665 1675 notionem
703 1634 873 1688 generis
916 1633 1109 1683 humani,
1157 1647 1208 1677 an
1242 1635 1295 1676 ad
1326 1635 1543 1677 meliorem
1584 1647 1711 1688 quan-

131 1708 227 1745 dam
266 1704 639 1754 honestioremque
685 1704 912 1756 imaginem
959 1706 1141 1744 hominis
1193 1718 1289 1746 vere
1338 1707 1536 1757 ingenui,
1592 1707 1710 1746 cuius

132 1786 213 1815 non
255 1784 317 1815 ea>
344 1783 451 1825 quae
490 1773 628 1816 facere
670 1779 944 1823 consuesset,
988 1775 1064 1816 sed
1105 1774 1156 1817 ad
1200 1786 1307 1827 quae
1339 1774 1540 1826 aspiraret
1580 1775 1712 1827 expri-

131 1849 354 1885 merentur.
425 1843 537 1884 Haec
577 1845 688 1884 enim
731 1857 823 1884 cum
867 1850 982 1885 esset
1024 1844 1165 1894 opinio
1191 1845 1397 1890 Daci'e-rii,
1443 1846 1512 1885 illa
1552 1846 1710 1892 Hurdii,

129 1913 374 1966 Lessing-ius
415 1912 566 1954 arbiter
608 1914 727 1965 quasi
769 1914 1018 1955 constitutus
1070 1914 1213 1955 maluit
1263 1916 1440 1966 probare
1493 1914 1707 1962 Hurdium,

131 1984 210 2025 etsi
248 1996 333 2024 non
372 1977 544 2024 ‘omnino
588 1985 868 2034 consentiret,
913 1990 1082 2026 coactus
1124 1991 1261 2027 tamen
1302 1986 1391 2033 ille,
1430 1991 1488 2027 ‘ut
1529 1986 1708 2034 videtur,

131 2054 371 2095 difficultate
403 2054 580 2105 quadam
614 2055 725 2105 quod
766 2066 849 2094 non
882 2054 1053 2096 haberet
1084 2065 1166 2106 qua
1207 2066 1295 2095 rem
1327 2054 1545 2105 expediret
1587 2054 1708 2096 aliam

129 2137 178 2165 ac
210 2136 362 2165 novam
403 2124 531 2165 viam:
576 2136 698 2176 quam
740 2124 907 2175 quidem
939 2127 989 2166 ab
1026 2124 1105 2165 Ed.
1137 2125 1336 2166 Muellero
1379 2123 1711 2179 monstratam³⁸)

129 2206 207 2234 nos
239 2205 405 2245 quoque
435 2194 737 2235 inchoavimus.
807 2195 1033 2235 Videamus
1065 2195 1212 2246 igitur,
1261 2206 1359 2233 num
1400 2195 1565 2235 mediae
1595 2194 1706 2233 illius

130 2264 222 2305 viae
252 2268 449 2315 recteque
479 2264 587 2305 inter
617 2265 833 2315 oppositos
864 2264 1071 2315 utrimque
1094 2265 1291 2315 scopulos
1321 2264 1472 2305 ductae
1496 2269 1710 2305 auctorem

129 2332 250 2374 nobis
294 2331 564 2373 conciliemus
604 2333 742 2383 ipsum
779 2333 1090 2384 philosophum.
1169 2333 1286 2374 Hanc
1333 2338 1473 2373 autem
1517 2333 1558 2372 in
1603 2333 1709 2373 viam

131 2403 343 2454 apparebit
383 2405 700 2445 concedendum
740 2417 859 2453 esse,
903 2404 973 2446 ubi
1002 2405 1141 2455 prius,
1189 2415 1296 2455 quae
1335 2416 1414 2444 nos
1454 2403 1495 2444 in
1535 2406 1706 2445 alteram

127 2479 263 2515 utram
292 2480 452 2525 partem
485 2476 689 2516 seducere
720 2475 962 2523 videantur,
997 2479 1117 2515 caute
1146 2474 1447 2515 tentaverimus
1481 2474 1667 2515 semitas,

246 2546 306 2585 Ac
333 2545 510 2595 primum
543 2545 710 2595 quidem
744 2545 813 2595 qui
844 2545 985 2586 dicunt
1015 2544 1277 2585 universales
1310 2556 1408 2601 esse
1446 2555 1586 2584 mores
1616 2555 1709 2583 cum

128 2614 337 2661 perfectae
370 2614 573 2666 cuiusque
603 2614 848 2667 tragoediae
877 2619 965 2655 tum
987 2614 1218 2655 fabularum
1245 2612 1489 2663 Sophoclis,
1521 2612 1710 2654 obtinere

130 2694 232 2724 sane
272 2684 465 2726 videntur
497 2684 734 2725 Aristotelis
776 2672 1024 2726 auctoritate
1065 2683 1256 2724 docentis
1289 2685 1327 2728 9,
1358 2683 1401 2722 4:
1455 2677 1475 2734 ἦ
1507 2684 1588 2738 μὲν
1628 2680 1710 2737 γὰρ

223 2824 283 2867 37)
317 2835 425 2871 supra
449 2835 532 2870 pag.
551 2826 571 2859 7
599 2836 646 2859 ss.

222 2882 283 2927 38)
323 2895 356 2921 v.
382 2896 489 2929 supra
514 2896 546 2917 n.
568 2886 626 2919 22.

1362 2939 1386 2977 2
1400 2938 1420 2958 *
