1843 3058
140 24 204 75 24

138 151 237 192 diae
270 155 460 192 naturam
491 150 810 200 comprehendit
841 153 953 196 6‚.2:
1002 149 1132 193 ἔστιν
1164 143 1246 191 οὗν
1274 147 1508 206 τραγῳδία
1535 149 1727 202 μίμησις

140 219 352 276 πράξεως
385 218 721 268 σπουδαίας
750 222 827 263 καὶ
857 220 1037 271 τελείας
1066 220 1159 263 κτλ.
1221 222 1378 262 Verum
1401 220 1652 262 Aristoteles
1681 224 1729 261 ut

138 294 272 342 primo
305 303 430 343 quem
461 291 727 332 laudavimus
767 293 860 332 loco
893 293 1090 333 meliores
1122 296 1283 332 tantum
1315 301 1413 331 esse
1445 292 1531 332 vult
1560 296 1727 342 tragoe-

140 362 237 404 diae
271 373 408 401 mores
440 373 565 412 quam
597 361 667 413 qui
698 363 825 413 vulgo
866 362 906 402 in
949 362 1164 414 plerisque
1195 360 1432 402 hominibus
1464 360 1727 411 conspician-

138 437 226 479 tur,
267 432 327 473 ita
359 433 548 473 secundo
580 433 674 472 loco
716 433 778 486 (5,
812 431 854 487 7)
896 433 1102 474 honestos
1144 431 1391 484 tragoediae
1430 435 1555 482 atque
1585 431 1728 482 epieae

140 513 326 552 poeseos
357 513 497 543 mores
531 500 642 542 cum'
666 501 945 543 deterioribus
987 502 1233 543 comoediae
1272 500 1487 542 contendit
1505 499 1576 554 ⁵³).
1634 500 1728 551 Ipse

142 577 282 612 autem
322 571 359 612 is
402 570 473 623 qui
515 569 845 619 σπουδαῖος
887 573 1118 623 appellatur
1158 584 1241 612 non
1273 570 1529 623 intellegitur
1568 582 1727 612 morum

140 640 345 691 probitate
377 646 448 683 aut
478 641 823 692 magnanimitate
853 641 1050 694 insignis,
1083 643 1160 682 sed
1192 641 1263 694 qui
1297 653 1489 683 severam
1520 642 1728 693 quandam

147 710 396 762 dignitatem
426 715 592 751 tueatur
610 708 674 762 ⁵⁴).
738 711 850 752 Neve
881 717 1005 761 putes
1037 724 1233 752 severum
1271 711 1482 751 hominem
1528 712 1729 752 eundem-

144 791 226 831 que
260 779 430 820 omnino
462 779 619 821 iustum
652 785 792 831 aptum
825 793 923 823 esse
955 781 1026 834 qui
1055 782 1096 822 in
1131 781 1351 834 tragoedia
1378 780 1622 829 inducatur,
1661 779 1729 822 iti-

142 851 238 891 dem
282 850 400 891 reicit
445 863 541 892 eum
583 851 834 892 Aristoteles
852 852 901 902 55)
955 857 1080 903 atque
1121 851 1292 891 omnino
1330 852 1547 902 indiguum
1583 851 1729 891 virum.

145 920 263 960 Hunc
302 924 442 961 autem
480 920 675 971 proponit
712 920 849 971 poetis
899 921 1207 963 informandum
1257 921 1327 974 qui
1376 932 1513 972 neque
1562 920 1730 962 omnino

143 991 279 1031 iustus
312 990 366 1031 sit
398 1003 476 1032 nec
505 991 617 1033 vitiis
651 996 870 1042 corruptus
913 1004 992 1033 nec
1032 993 1193 1033 scelere
1235 991 1493 1033 calamitates
1525 990 1604 1032 sibi
1635 1003 1731 1032 con-

143 1061 236 1108 sset,
266 1061 344 1100 sed
377 1072 519 1102 errore
537 1058 599 1116 ³⁶).
663 1063 855 1102 Attamen
897 1073 950 1102 ne
988 1073 1161 1112 prorsus
1202 1062 1254 1102 ad
1298 1060 1568 1119 mediocrem
1588 1062 1731 1112 vulga-

144 1141 317 1181 remque
356 1129 468 1170 vitae
509 1130 859 1176 consuetudinem
901 1132 1168 1183 demergatur
1207 1130 1450 1183 tragoedia,
1499 1134 1654 1180 poetae
1687 1134 1733 1171 ut

147 1212 222 1240 eos
254 1211 421 1251 quoque
454 1200 525 1251 qui
558 1200 659 1241 vitio
692 1200 830 1252 aliquo
872 1201 1036 1251 aspersi
1067 1201 1150 1241 sint
1181 1205 1270 1241 arte
1298 1201 1476 1241 reddant
1520 1199 1732 1246 meliores,

147 1271 351 1310 docentur
383 1282 407 1310 a
435 1269 688 1320 philosopho
725 1271 793 1318 15,
819 1272 863 1312 11
886 1270 948 1321 ⁵⁷).
1011 1270 1089 1319 Qui
1120 1282 1213 1311 cum
1244 1270 1335 1311 hoe
1357 1281 1410 1310 ex
1438 1269 1531 1320 ipsa
1561 1274 1731 1321 tragoe-

150 1339 244 1380 diae
277 1344 427 1381 natura
457 1340 746 1381 necessarium
776 1340 960 1388 iudicet,
1002 1340 1115 1381 idem
1145 1341 1234 1381 fere
1263 1339 1508 1389 praescribit
1548 1340 1660 1391 quod
1690 1338 1732 1378 iu

148 1411 322 1451 exordio
363 1410 488 1451 huius
536 1412 590 1451 de
632 1410 962 1455 alteroiudieio
1002 1410 1240 1461 Sophocleo
1280 1409 1541 1463 quaestionis
1580 1421 1734 1461 propo-

245 1576 306 1619 53)
336 1575 382 1609 cf.
407 1576 442 1616 5,
470 1575 503 1610 1.

244 1632 306 1677 54)
332 1632 501 1668 Conferas
528 1633 571 1667 de
605 1634 747 1667 notione
782 1633 886 1666 huius
920 1633 1084 1667 vocabuli
1118 1637 1353 1676 exponentem
1386 1634 1734 1680 Bernhardyum

148 1694 171 1729 l.
200 1694 223 1726 l.
252 1703 285 1736 p.
307 1691 374 1727 163
392 1703 421 1726 s,
473 1691 691 1734 Quamquam
724 1689 1002 1725 σπουδαῖον
1038 1691 1133 1733 quod
1159 1696 1213 1724 est
1239 1690 1273 1724 in
1299 1691 1430 1733 fabulis
1455 1693 1630 1736 scenicis,
1656 1704 1736 1729 cum

150 1752 356 1796 plerumque
390 1751 606 1785 contrarium
642 1751 688 1784 sit
720 1751 860 1785 ridiculi
892 1750 953 1795 [cf.
988 1755 1129 1794 praeter
1155 1750 1382 1784 Aristotelem
1409 1751 1498 1788 Plat.
1523 1752 1635 1796 Legg.
1661 1753 1736 1794 VII,

152 1822 184 1854 p.
204 1809 354 1853 816D.]‚
381 1820 447 1842 non
468 1819 659 1850 numquam
686 1814 804 1843 tamen
830 1809 1022 1853 opponitur
1047 1809 1154 1852 turpi.
1206 1809 1257 1842 Ne
1283 1810 1398 1842 dicam
1426 1810 1469 1842 de
1495 1809 1652 1854 Platone,
1678 1810 1739 1853 qui

151 1879 229 1901 cum
257 1868 397 1901 omnino
425 1866 558 1901 dehac
583 1878 619 1900 re
646 1867 747 1901 aliter
772 1872 923 1908 statuat,
959 1871 1032 1901 tum
1069 1867 1136 1900 hoc
1169 1866 1248 1910 ipso
1275 1867 1351 1901 loco
1380 1878 1484 1909 quem
1519 1868 1625 1903 modo
1665 1868 1738 1903 lau-

151 1927 231 1960 davi
258 1926 310 1970 (p.
336 1925 420 1969 817)
460 1926 665 1970 tragoediae
700 1926 865 1960 virtutem
897 1926 946 1959 ita
972 1925 1016 1958 ad
1041 1935 1176 1959 morum
1202 1925 1414 1968 probitatem
1441 1930 1602 1968 revocat,
1638 1932 1676 1961 ut
1702 1928 1738 1961 in

150 1986 267 2020 locum
292 1985 367 2017 eius
393 1985 502 2018 vitam
528 1986 674 2029 probam
701 1996 742 2019 ac
768 1985 954 2019 honestam
988 1984 1077 2017 adeo
1111 1983 1328 2017 substituat:
1364 1984 1444 2028 ipso
1478 1985 1521 2019 ab
1547 1985 1738 2020 Aristotele

151 2044 326 2077 contraria
350 2043 558 2085 tragoediae
585 2044 727 2086 ponitur
753 2043 957 2085 comoedia,
984 2043 1143 2087 μίμησις
1171 2040 1428 2087 φαυλοτέρων.
1479 2042 1531 2079 Cf.
1557 2048 1741 2086 praeterea

151 2112 185 2136 n.
205 2102 264 2137 49.
341 2102 415 2135 Hoc
441 2102 549 2145 igitur
574 2113 688 2145 usque
714 2102 903 2137 tenendum
931 2106 1006 2144 est,
1040 2101 1107 2135 etsi
1144 2111 1211 2135 non
1228 2100 1466 2140 ,contineatur
1491 2099 1741 2145 σπουδαιότης
1790 2145 1795 2149 .

152 2163 187 2195 in
214 2172 350 2196 morum
386 2162 582 2205 probitate,
619 2162 831 2206 pravitatem
866 2167 981 2195 tamen
1010 2171 1148 2194 omnem
1176 2171 1218 2194 ac
1244 2160 1524 2194 mediocritatem
1550 2162 1593 2195 ab
1621 2172 1664 2196 ea
1688 2172 1742 2196 ar-

154 2220 306 2253 cendam
334 2229 427 2252 esse.

248 2277 308 2321 55)
338 2288 365 2310 ο.
395 2277 459 2318 13,
485 2278 516 2310 2.

247 2336 310 2379 56)
337 2347 368 2369 c.
396 2335 460 2376 13,
486 2335 520 2369 5.
548 2333 567 2367 ὃ
593 2334 731 2381 μεταξύ
758 2332 834 2380 ἄρα
860 2335 1003 2371 τούτων
1029 2333 1170 2375 λοιπός.
1197 2334 1276 2370 ἔστι
1309 2333 1349 2369 δὲ
1373 2334 1563 2378 τοιοῦτος,
1602 2333 1621 2368 ὃ
1645 2332 1742 2380 μήτε

152 2398 267 2447 ἀρετῇ
292 2399 487 2444 διαφέρων
512 2397 573 2433 καὶ
599 2396 835 2446 δικαιοσύνῃ,
859 2394 953 2442 μήτε
982 2392 1039 2429 διὰ
1067 2396 1203 2428 κακίαν
1227 2391 1290 2429 καὶ
1314 2395 1534 2440 μοχθηρίαν
1555 2392 1743 2441 μεταβάλ-

152 2462 228 2496 λων
260 2461 312 2499 εἰς
345 2456 414 2503 τήν
447 2457 675 2503 δυστυχίαν,
709 2454 804 2492 ἄλλά
840 2454 889 2491 δι’
924 2452 1119 2500 ἁμαρτίαν
1143 2451 1249 2495 τινά,
1289 2455 1367 2489 τῶν
1400 2451 1443 2487 ἐν
1472 2451 1618 2500 μεγάλῃ
1653 2450 1740 2499 δόξῃ

159 2516 283 2553 ὄντων
315 2517 380 2552 καὶ
409 2514 586 2563 εὐτυχίᾳ·
615 2511 698 2551 οἶον
723 2514 902 2553 Οἰδίπους
931 2511 995 2547 καὶ
1023 2512 1186 2555 Θυέστης
1210 2510 1271 2546 καὶ
1297 2513 1335 2546 οἱ
1360 2510 1400 2545 ἐκ
1426 2509 1609 2547 τοιούτων
1621 2510 1746 2557 γενῶν

153 2576 354 2624 ἐπιφανεῖς
377 2574 524 2623 ἄνδρες.

250 2647 311 2691 57)
340 2659 370 2683 c.
400 2649 455 2688 15,
484 2649 540 2681 11.
577 2643 660 2678 ἐπεὶ
686 2641 724 2679 δὲ
749 2645 957 2689 μίμησίς
991 2640 1138 2685 ἐστινὴ
1179 2638 1425 2686 τραχῳδία
1458 2637 1738 2694 βελτιόνωνῖ

153 2703 249 2751 ἡμᾶς
274 2703 332 2739 δεῖ
350 2706 555 2751 μιμεῖσθαδ
581 2701 669 2742 τούς
700 2699 872 2748 ἀγαθούς
904 2698 1216 2747 εἰκονογράφους.
1243 2696 1307 2733 καὶ
1340 2694 1415 2744 γὰρ
1452 2696 1589 2733 ἐκεῖνοι
1611 2694 1742 2732 ἀποδι-

155 2762 284 2802 δόντες
308 2762 378 2807 τῆν
403 2765 545 2798 οἰκείαν
580 2760 762 2809 μορφὴν,
805 2757 1006 2807 ὁμοίους
1039 2759 1319 2802 ποιοῦντες,
1361 2757 1589 2797 καλλίους
1621 2754 1741 2803 γρά-

156 2832 351 2871 φουσιν.
