1843 3058
0 1754 8 2178 l

123 700 243 788 Les
256 732 472 788 singius
503 731 547 772 in
577 743 631 772 ‘eo
653 731 755 774 libro
776 743 901 784 quem
918 732 973 773 de
992 731 1200 782 Sophocle
1218 730 1458 773 inchoatum
1476 732 1699 786 reliquit¹)‚

123 798 353 860 quaeverati
370 801 487 859 ›eius-¹
506 801 715 857 sagacitas
747 806 873 854 atque
921 802 1131 849 doctrina,
1173 800 1282 842 hanc
1311 801 1418 842 viam
1453 801 1613 844 videtur
1641 803 1701 842 in-

124 873 343 931 stituturus
374 871 529 926 fuisse,
580 878 626 914 ut
656 884 765 929 quae
796 876 965 913 veteres
998 872 1051 912 de
1091 870 1299 922 Sophocle
1336 872 1519 913 tulerunt
1548 872 1701 914 iudicia

125 943 364 1001 colligeret,
398 942 547 994 quibus
579 942 794 999 dispositis
825 941 933 982 viam
966 942 1044 983 sibi
1075 941 1272 990 muniret,
1304 954 1386 993 qua
1413 941 1505 992 ipse
1542 942 1704 992 Sopho-

123 1013 233 1069 clem.
257 1004 427 1068 poetam
457 1012 576 1054 nobis
607 1012 874 1053 informaret:
906 1012 1018 1063 quod
1046 1011 1214 1063 quidem
1238 1011 1417 1052 officium
1450 1016 1702 1053 executurus

124 1086 212 1123 erat
239 1082 344 1141 libro
369 1082 515 1133 operis
546 1083 735 1123 secundo
753 1080 799 1137 ²).
867 1083 1021 1122 Verum
1052 1093 1145 1122 cum
1177 1081 1344 1122 omnino
1377 1082 1603 1123 dolendum
1636 1082 1703 1129 sit,

122 1152 262 1209 virium
288 1152 484 1209 eximium
524 1152 621 1194 huic
660 1152 799 1194 libello
848 1157 1075 1194 extremam
1118 1164 1282 1193 manum
1322 1164 1406 1192 non
1446 1152 1703 1201 adhibuisse,

121 1227 206 1264 tum
236 1222 384 1279 ipsius}
412 1222 502 1264 libri
539 1222 658 1273 primi
697 1222 767 1274 qui
809 1223 926 1263 solus
967 1222 1115 1263 litteris
1147 1223 1368 1263 mandatus
1410 1222 1585 1264 habetur
1626 1234 1702 1264 eae

125 1291 469 1350 quaestiunculae
501 1304 609 1344 quae
639 1292 682 1332 in
711 1292 948 1343 posteriore
979 1297 1096 1342 parte
1121 1291 1285 1342 positae
1304 1296 1402 1333 sunt
1422 1292 1579 1333 leviore
1600 1304 1703 1333 sane

124 1362 282 1421 calamo
313 1361 508 1404 videntur
539 1367 748 1403 exaratae.
796 1363 939 1413 Itaque
970 1361 1133 1411 accidit,
1165 1367 1211 1402 ut
1228 1361 1298 1413 qui
1328 1362 1389 1402 vir
1417 1367 1587 1412 propter
1618 1363 1703 1403 exi-

122 1418 246 1490 miam
277 1435 319 1471 et
349 1430 574 1487 doctrinae·
600 1430 759 1481 copiam
796 1436 837 1472 et
877 1430 1147 1472 subtilitatem
1187 1430 1329 1471 iudicii
1356 1430 1477 1472 facile
1506 1442 1606 1481 prae
1638 1443 1703 1472 ce·

122 1498 225 1557 teris,
253 1504 442 1557 veterum
476 1501 530 1542 de
560 1500 769 1556 Sophocle
800 1500 956 1542 iudicia
984 1500 1193 1541 illustrare
1212 1505 1388 1551 poterat,
1420 1500 1457 1541 is
1479 1501 1550 1541 vix
1569 1513 1703 1552 pauca

123 1557 247 1626 atque
279 1582 331 1611 ea
361 1571 463 1628 satis
498 1571 609 1613 levia
640 1571 815 1612 afferret.
872 1570 973 1611 Nam
1013 1572 1125 1622 quod
1168 1572 1218 1611 ab
1251 1582 1301 1610 eo
1335 1577 1701 1613 commemoratum

121 1638 455 1693 legum-‚ipsius
470 1640 692 1697 Sophoclis
732 1641 785 1682 de
816 1645 905 1685 arte
936 1653 1013 1682 sua
1042 1639 1242 1681 iudicium
1272 1640 1466 1681 traditum
1498 1653 1523 1682 a
1549 1640 1703 1682 Plutar-

125 1707 203 1767 cho
221 1708 275 1768 Ἴ,
305 1709 350 1749 id
382 1710 529 1765 nescio
557 1722 683 1762 quem
717 1711 916 1760 delapsus
947 1710 990 1748 in
1018 1721 1201 1749 errorem
1233 1709 1430 1759 Sophocli
1461 1712 1703 1761 abrogatum

123 1777 177 1818 ad
196 1762 450 1838 Euripidem
493 1780 720 1823 revocavit.
787 1779 859 1820 Illo
899 1784 1049 1820 autem
1076 1781 1170 1820 loco
1210 1791 1335 1837 quem
1375 1780 1611 1830 quaestioni
1651 1781 1705 1820 de

123 1845 343 1897 Sophoclis
373 1830 581 1890 iudicibus
625 1848 838 1900 pxwoprium
869 1849 1152 1890 destinaveiat
1184 1849 1315 1889 solius
1344 1849 1517 1900 Vergilii
1555 1860 1705 1890 versus

122 1915 272 1972 quibus
312 1921 440 1966 poeta
467 1917 679 1959 Romanus
721 1916 895 1958 Pollioni
932 1923 978 1959 ut
1007 1918 1241 1960 blandiatur
1271 1917 1491 1969 Sophoclis
1522 1919 1707 1962 mentio-

123 1997 219 2037 nem
248 1984 410 2044 inicit-⁴)
443 1971 687 2045 adscripsit:
728 1999 813 2027 non
844 2000 927 2040 quo
959 2000 1131 2029 munere
1162 1989 1380 2030 functurus
1413 1994 1610 2040 suscepto
1662 2002 1686 2029 o

121 2054 288 2105 phoclis
318 2055 500 2098 iudicem
531 2058 747 2110 quendam
776 2049 1017 2109 induceret,
1052 2058 1129 2099 sed
1159 2057 1316 2099 veritus
1348 2057 1431 2107 ille,
1463 2063 1509 2100 ut
1527 2059 1705 2106 videtur,
1744 2066 1746 2068 ’

124 2136 178 2183 ne
207 2126 454 2185 remotiszin
483 2133 699 2181 posterum
729 2128 796 2172 his
828 2128 1019 2169 versibus
1050 2128 1119 2169 illa
1149 2140 1317 2181 quoque
1337 2128 1568 2170 emissurus
1590 2135 1706 2171 esset

123 2206 231 2256 quae
261 2185 321 2237 dev
352 2197 552 2257 prosodia
592 2198 806 2239 nominum
838 2197 1059 2249 Sophoclis
1100 2204 1226 2250 atque
1258 2199 1468 2250 Euripidis
1503 2202 1705 2242 ,observa-

122 2269 251 2308 verat.
311 2268 569 2328 ‘Quamquam
600 2268 711 2310 haud
743 2269 834 2310 scio
865 2281 917 2310 an
949 2268 1220 2321 Lessingius,
1257 2269 1422 2311 etiamsi
1451 2270 1701 2320 perfecisset

145 2456 149 2464 ”
220 2451 257 2496 1)
285 2453 437 2497 Operum
466 2453 592 2498 (forma
618 2454 683 2488 XII
696 2454 726 2498 a)
753 2455 821 2489 vol.
845 2456 890 2489 X.
917 2464 952 2499 p.
979 2455 1147 2490 1—149.

219 2511 482 2555 2)-vtdeantur
511 2522 604 2555 quae
642 2513 1062 2558 annotavitXLessingius
1106 2514 1170 2547 sub
1213 2511 1340 2547 litteris
1382 2510 1467 2547 MM.
1494 2511 1565 2548 NN.
1600 2518 1704 2557 atque

124 2570 238 2614 ipsius
260 2570 365 2606 Vitae
388 2570 458 2606 loni
477 2570 527 2606 ad
553 2582 642 2615 quos
666 2572 748 2606 illae
772 2572 1017 2606 annotationes
1051 2572 1262 2607 referuntur.

217 2627 259 2675 3)
279 2629 490 2673 Notissimus
523 2635 579 2665 est
603 2630 782 2665 Plutarchi
807 2631 906 2665 locus
942 2631 986 2664 de
1019 2630 1183 2675 profectu
1208 2632 1244 2663 iu
1268 2631 1396 2664 virtute
1422 2641 1451 2663 e.
1483 2632 1526 2671 7,
1565 2631 1609 2663 de
1636 2641 1703 2673 quo

123 2687 330 2741 Lessiugius
357 2689 550 2737 disputavit
574 2690 601 2735 1.
622 2689 646 2723 1.
655 2700 707 2735 p.
726 2690 783 2724 49.
811 2700 844 2722 ιι.
870 2690 930 2733 Η.,
954 2700 1018 2723 nos
1043 2691 1136 2723 infra
1160 2690 1369 2723 sententiam
1398 2689 1630 2732 proferemus.

142 2737 161 2744 ⁴⁴
216 2736 255 2788 4)
282 2745 332 2782 En
357 2747 448 2789 erit,
472 2752 511 2781 ut
536 2749 640 2781 liceat
666 2753 776 2782 totum
802 2747 888 2781 mihi
914 2748 1005 2790 ferre
1033 2759 1096 2792 ρει
1117 2748 1236 2781 orbem

285 2804 368 2838 Sola
393 2805 588 2850 Sophocleo
615 2812 675 2839 tua
702 2808 856 2840 carmina
885 2807 991 2850 digna
1019 2804 1218 2841 cothurno?

1193 2865 1299 2907 Rei-g.
1328 2864 1400 2898 Ecl.
1427 2863 1462 2905 8,
1487 2863 1522 2898 9.
1556 2865 1612 2898 10.

1399 2924 1418 2962 1
