1843 3058
129 57 161 105 4

126 182 241 235 gica:
271 170 592 233 1111111111118111111
621 182 782 224 fabulas
799 184 1034 224 'multarum
1065 184 1377 236 tragoediarum
1409 189 1459 229 ab
1491 185 1584 228 aliis
1600 191 1715 229 -ahte

126 252 382 303 Sophoclem
414 253 555 304 poetis
586 253 629 293 in
662 264 833 294 scenam
865 254 1112 294 commissas
1143 265 1266 300 esse,
1287 282 1290 284 >
1314 265 1488 305 quarum
1527 256 1598 298 ille
1625 255 1716 306 imi·-

125 327 238 365 tatus
273 322 328 364 sit
359 322 567 369 victrices,
598 323 731 364 victas
762 327 833 364 aut
863 322 1079 374 reliquerit
1105 327 1297 365 autnon
1320 324 1403 365 nisi
1434 338 1512 367 suo
1531 326 1714 379 ingenio

123 392 290 433 refictas
328 392 538 444 docuerit;
588 392 684 433 dein
734 397 875 433 autem
921 392 1147 434 universae
1200 392 1299 435 artis
1337 394 1715 446 tragicae‘nulla‘m

125 462 310 512 existere
339 462 532 513 potuisse
564 467 897 504 consummatam
928 462 1123 506 virtutem
1146 475 1232 518 non
1256 464 1606 514 praecedentibus
1622 465 1714 507 ini-

84 567 87 570 4
122 532 214 580 tiis,
247 543 423 584 quorum
456 532 614 584 optima
644 542 840 585 quaeque
878 532 915 575 is
958 533 1029 584 qui
1071 538 1250 576 secutus
1283 533 1337 576 sit
1365 538 1493 585 poeta
1533 533 1586 575 inv
1608 546 1713 576 suae

123 615 247 645 usum
279 602 380 644 artis
413 602 679 644 converterit.
741 603 897 643 Verum
927 603 1040 645 illam
1082 610 1124 645 et
1161 604 1245 654 ipsi
1269 603 1472 654 'Sophocli
1514 617 1608 646 cum
1644 616 1713 645 ve-

125 672 374 714 tustioribus
407 671 578 724 tragicis
608 672 908 713 intercessisse
937 673 1234 715 necessitatem
1267 686 1360 714 eum
1388 685 1465 726 per
1479 686 1530 716 se
1559 678 1714 726 pateat,

125 748 171 783 ut
200 743 272 783 vix
303 754 409 792 opus
442 743 496 783 sit
526 743 687 783 monitu
718 742 940 801 Scriptoris
973 743 1092 791 Vitae
1123 744 1390 808 Aesctheae
1414 744 1469 799 ⁷):
1514 750 1603 790 tum
1619 744 1713 796 -hoe

123 814 300 853 alterum
333 811 619 852 difficillimum
651 817 717 853 est
745 811 980 862 inquirere,
1028 811 1155 853 immo
1203 813 1412 863 explorari
1441 812 1525 855 iam
1555 813 1712 865 nequit,

124 881 222 933 quid
255 892 279 921 e
308 880 532 931 Thespidis
562 879 785 933 Phrynichi
809 881 1009 934 Aeschyli
1049 886 1139 923 arte
1184 886 1255 924 aut
1287 882 1519 935 ,reliquerit
1549 882 1709 935 Sopho-

125 953 209 992 cles
242 956 313 992 aut
343 950 623 1000 assumpserit
653 952 843 1001 populari
876 951 1033 993 iudicio
1065 952 1265 1002 monitus,
1299 952 1400 1003 quid
1425 964 1508 1001 ¹suo
1537 951 1710 1005 ingenio

125 1020 247 1073 quasi
279 1020 420 1061 divino
453 1019 603 1071 spiritu
632 1020 815 1062 inflatus.
878 1021 1020 1073 Neque
1042 1021 1211 1062 omnino
1232 1023 1285 1063 ad
1302 1022 1559 1071 medicorum
1577 1026 1710 1072 artem

124 1091 449 1145 confugiendum
489 1096 555 1132 est
594 1091 860 1141 poeticorum
908 1104 1082 1143 operum
1121 1092 1402 1141 aestimatori,
1450 1098 1496 1135 ut
1535 1092 1711 1145 natm-‚ali

124 1175 236 1203 nexu
267 1174 317 1203 ac
346 1160 591 1202 ne'cessario
641 1162 780 1202 soluto
813 1172 986 1212 operum
1026 1167 1168 1213 partes
1200 1162 1424 1213 separatim
1446 1165 1708 1209 ,observatas

122 1234 163 1274 in
194 1232 395 1274 iudicium
425 1236 571 1273 vocet:
602 1231 851 1282 praesertim
874 1245 967 1274 cum
1000 1245 1053 1273 ne
1083 1233 1141 1274 illi
1173 1233 1344 1284 quidem
1376 1233 1453 1274 viri
1484 1236 1712 1283 observan-

122 1305 270 1344 dorum
302 1313 523 1352 corporum
553 1314 603 1343 ac
634 1301 984 1344 dissecandorum
1016 1302 1094 1344 rite
1123 1302 1390 1354 peritissimi,
1434 1313 1538 1357 quas
1569 1306 1709 1354 partes

122 1373 274 1415 mortui
315 1372 502 1423 corporis
545 1385 594 1413 ac
631 1372 716 1414 vita
756 1373 941 1414 defuncti
979 1376 1110 1423 probe
1150 1385 1373 1415 secernere
1415 1379 1594 1424 queunt,
1635 1384 1708 1423 eas

121 1449 345 1495 antequam
376 1446 512 1483 ortum
551 1441 605 1483 sit
640 1441 792 1483 animal
823 1442 992 1494 propria
1020 1442 1062 1483 vi
1082 1454 1142 1484 -ac
1186 1442 1273 1489 vita
1302 1443 1445 1485 fruens
1486 1428 1708 1495 8111381111-

123 1520 235 1556 ratas
269 1515 497 1555 observare
527 1512 694 1563 possint
725 1518 796 1554 aut
828 1513 1085 1566 coniungere
1113 1518 1161 1554 ut
1190 1514 1291 1554 fiant
1322 1526 1476 1555 causae
1507 1513 1592 1554 vivi
1622 1513 1709 1554 ani-

123 1583 290 1626 mantis.
367 1582 528 1631 Quodsi
566 1582 609 1623 in
650 1594 789 1623 rerum
830 1587 981 1625 natura
1021 1582 1222 1625 materiae
1258 1594 1367 1635 quae
1407 1595 1491 1624 non
1534 1582 1709 1637 18111841

124 1656 408 1707 effingendum
439 1666 571 1695 unum
601 1667 650 1695 ac
679 1659 813 1696 totum
845 1666 996 1704 corpus
1032 1659 1274 1704 compactae
1305 1654 1409 1703 sint,
1443 1655 1487 1704 in
1520 1654 1707 1707 singulas

121 1730 263 1778 partes
296 1724 437 1765 divelli
468 1729 705 1776 nequeunt:
737 1724 1006 1765 artificiorum
1038 1734 1145 1775 quae
1177 1736 1203 1764 a
1230 1723 1369 1777 poetis
1403 1724 1583 1775 eduntur
1612 1735 1709 1775 per.-

120 1802 210 1844 tes,
254 1806 363 1846 quae
392 1799 606 1844 ponuntur
637 1794 681 1834 in
713 1799 963 1846 argumento
1004 1794 1300 1835 vocabulorum
1333 1794 1705 1852 delectueolloca·

121 1867 237 1908 tione
284 1867 508 1907 verborum
553 1876 751 1905 versuum
798 1863 1105 1915 compositione
1150 1863 1317 1907 actione
1363 1863 1545 1916 denique
1582 1868 1708 1915 atque

124 1935 293 1978 scenica
323 1939 436 1983 arte,
485 1939 707 1986 antequam
740 1935 793 1975 ad
824 1939 958 1976 totum
989 1934 1145 1995 aliquid
1189 1935 1398 1976 edendum
1438 1933 1710 1981 concinerint,

122 2012 193 2048 aut
224 2005 393 2046 omnino
433 2017 519 2045 non
559 2009 656 2046 sunt
696 2009 767 2046 8111
807 2017 891 2045 11011
931 2004 1043 2047 illius
1083 2003 1276 2052 artificis,
1316 2004 1370 2045 ad
1413 2014 1536 2056 quem
1575 2008 1708 2057 totum

122 2078 235 2129 quod
253 2076 477 2122 ,011111111111
520 2080 585 2116 est
626 2075 845 2116 artificium
884 2075 1075 2116 refertur.
1135 2075 1281 2126 Itaque
1324 2074 1496 2134 missam
1532 2074 1707 2123 facimus

122 2145 438 2200 quaestionem,
471 2156 570 2185 num
601 2144 703 2196 quid
734 2144 963 2185 iudicatum
993 2143 1120 2185 fuerit
1153 2145 1207 2185 de
1237 2144 1288 2185 iis
1320 2143 1488 2196 quaein
1510 2143 1709 2203 Aeschyli

121 2222 210 2260 arte
252 2216 488 2258 communia
526 2215 748 2257 videantur
789 2226 882 2256 cum
921 2214 1151 2266 Sophocle:
1199 2215 1281 2256 nisi
1312 2211 1439 2272 ⁴quod
1481 2197 1707 2270 nonnullae

120 2293 262 2339 partes
294 2297 398 2338 quas
429 2285 523 2336 ipse
554 2285 787 2336 Sophocles
819 2284 1069 2337 significavit
1108 2284 1217 2326 infra
1256 2289 1377 2326 erunt
1420 2276 1704 2337 attingendae.

117 2359 222 2398 Illud
253 2362 392 2398 autem
426 2357 539 2407 quod
578 2356 661 2396 iam
699 2354 942 2404 posuimus,
989 2354 1240 2405 Sophoclem
1279 2367 1365 2395 non
1404 2357 1455 2396 ab
1485 2355 1589 2406 ipsis
1623 2356 1709 2396 tra'-

121 2427 304 2480 goediae
334 2425 618 2475 incunabulis,
658 2425 735 2466 sed
766 2436 792 2465 a
820 2423 1015 2474 politiore
1047 2428 1136 2466 arte
1166 2424 1391 2476 multisque
1419 2424 1603 2467 numeris
1635 2426 1707 2467 ab-

218 2614 255 2657 7)
284 2615 357 2649 Vit.
384 2613 554 2657 Aeschyl.
582 2608 680 2657 Ὅτῳ
707 2607 747 2645 δὲ
772 2609 877 2646 δοκεῖ
897 2610 1116 2657 tel-minoas
1140 2610 1349 2659 τραγῳδίας
1370 2610 1525 2655 ποιητὴς
1554 2612 1708 2658 γεγονέ-

121 2684 183 2708 ται
211 2672 430 2717 Σοφοκλῆς,
464 2668 587 2716 ὀρθῶς
619 2665 692 2712 μὲν
716 2667 837 2714 δοκεῖ,
872 2670 1074 2717 λογιζέσθω
1108 2666 1170 2713 δὲ,
1205 2666 1262 2705 ὅτι
1283 2670 1413 2718 πολλῷ
1444 2667 1707 2718 χαλεπώτερον

121 2725 168 2774 ἦν
192 2729 256 2764 ἐπὶ
285 2728 442 2764 Θέσπιδι
467 2731 650 2774 Φρυνίχῳ
667 2738 706 2762 τε
732 2727 795 2761 καὶ
820 2731 989 2775 Χοιρίλῳ
1015 2730 1067 2768 εἰς
1091 2723 1252 2763 τοσόνδε
1275 2728 1440 2775 μέγεθος
1463 2725 1533 2772 τὴν
1557 2738 1706 2775 τραγῳ-

121 2787 209 2824 δίαν
248 2790 506 2833 παραγαγεῖν,
560 2784 581 2829 ἢ
618 2784 676 2821 ἐπ’
702 2785 887 2834 Αἰσχύλῳ
926 2786 1082 2823 εἰπόντα
1118 2787 1169 2827 εἰς
1203 2786 1271 2830 τὴν
1302 2787 1547 2833 Σοφοκλέους
1579 2786 1706 2823 ἐλθεῖν

120 2842 344 2889 τελειότητα.
